%YAML 1.1
%TAG !u! tag:unity3d.com,2011:
--- !u!1 &19750567289889112
GameObject:
  m_ObjectHideFlags: 0
  m_CorrespondingSourceObject: {fileID: 759208223825066491, guid: e76358b1c883cda4f8b22ff2b7da0b29,
    type: 3}
  m_PrefabInstance: {fileID: 4950872374679774914}
  m_PrefabAsset: {fileID: 0}
  serializedVersion: 6
  m_Component:
  - component: {fileID: 8886742853994536768}
  m_Layer: 0
  m_Name: LeftHandIndex3
  m_TagString: Untagged
  m_Icon: {fileID: 0}
  m_NavMeshLayer: 0
  m_StaticEditorFlags: 0
  m_IsActive: 1
--- !u!4 &8886742853994536768
Transform:
  m_ObjectHideFlags: 0
  m_CorrespondingSourceObject: {fileID: 759208223824831963, guid: e76358b1c883cda4f8b22ff2b7da0b29,
    type: 3}
  m_PrefabInstance: {fileID: 4950872374679774914}
  m_PrefabAsset: {fileID: 0}
  m_GameObject: {fileID: 19750567289889112}
  m_LocalRotation: {x: 0.000000005340504, y: -0.04624614, z: 0.4731654, w: 0.879759}
  m_LocalPosition: {x: -0.113094345, y: -0.0000000012778634, z: -0.000000082176484}
  m_LocalScale: {x: 1, y: 1, z: 1}
  m_Children:
  - {fileID: 7357844807348382850}
  m_Father: {fileID: 6750249960641364329}
  m_RootOrder: 0
  m_LocalEulerAnglesHint: {x: 0, y: 0, z: 0}
--- !u!1 &138637750583125992
GameObject:
  m_ObjectHideFlags: 0
  m_CorrespondingSourceObject: {fileID: 759208223825066475, guid: e76358b1c883cda4f8b22ff2b7da0b29,
    type: 3}
  m_PrefabInstance: {fileID: 4950872374679774914}
  m_PrefabAsset: {fileID: 0}
  serializedVersion: 6
  m_Component:
  - component: {fileID: 6739396325596223288}
  m_Layer: 0
  m_Name: HeadTop_End
  m_TagString: Untagged
  m_Icon: {fileID: 0}
  m_NavMeshLayer: 0
  m_StaticEditorFlags: 0
  m_IsActive: 1
--- !u!4 &6739396325596223288
Transform:
  m_ObjectHideFlags: 0
  m_CorrespondingSourceObject: {fileID: 759208223824831947, guid: e76358b1c883cda4f8b22ff2b7da0b29,
    type: 3}
  m_PrefabInstance: {fileID: 4950872374679774914}
  m_PrefabAsset: {fileID: 0}
  m_GameObject: {fileID: 138637750583125992}
  m_LocalRotation: {x: 0, y: -0, z: -0, w: 1}
  m_LocalPosition: {x: 4.6227952e-10, y: 0.10769546, z: 0.021186372}
  m_LocalScale: {x: 1, y: 1, z: 1}
  m_Children: []
  m_Father: {fileID: 4272414784132316180}
  m_RootOrder: 0
  m_LocalEulerAnglesHint: {x: 0, y: 0, z: 0}
--- !u!1 &198205503330345339
GameObject:
  m_ObjectHideFlags: 0
  m_CorrespondingSourceObject: {fileID: 759208223825066425, guid: e76358b1c883cda4f8b22ff2b7da0b29,
    type: 3}
  m_PrefabInstance: {fileID: 4950872374679774914}
  m_PrefabAsset: {fileID: 0}
  serializedVersion: 6
  m_Component:
  - component: {fileID: 1030089431597078034}
  m_Layer: 0
  m_Name: RightHandIndex4
  m_TagString: Untagged
  m_Icon: {fileID: 0}
  m_NavMeshLayer: 0
  m_StaticEditorFlags: 0
  m_IsActive: 1
--- !u!4 &1030089431597078034
Transform:
  m_ObjectHideFlags: 0
  m_CorrespondingSourceObject: {fileID: 759208223824831897, guid: e76358b1c883cda4f8b22ff2b7da0b29,
    type: 3}
  m_PrefabInstance: {fileID: 4950872374679774914}
  m_PrefabAsset: {fileID: 0}
  m_GameObject: {fileID: 198205503330345339}
  m_LocalRotation: {x: 0, y: -0, z: -0, w: 1}
  m_LocalPosition: {x: 0.23647939, y: 0.00000017003615, z: -0.000000082147416}
  m_LocalScale: {x: 1, y: 1, z: 1}
  m_Children: []
  m_Father: {fileID: 1810349249006775791}
  m_RootOrder: 0
  m_LocalEulerAnglesHint: {x: 0, y: 0, z: 0}
--- !u!1 &430464101731382224
GameObject:
  m_ObjectHideFlags: 0
  m_CorrespondingSourceObject: {fileID: 759208223825066089, guid: e76358b1c883cda4f8b22ff2b7da0b29,
    type: 3}
  m_PrefabInstance: {fileID: 4950872374679774914}
  m_PrefabAsset: {fileID: 0}
  serializedVersion: 6
  m_Component:
  - component: {fileID: 8660568125445719711}
  m_Layer: 0
  m_Name: Spine
  m_TagString: Untagged
  m_Icon: {fileID: 0}
  m_NavMeshLayer: 0
  m_StaticEditorFlags: 0
  m_IsActive: 1
--- !u!4 &8660568125445719711
Transform:
  m_ObjectHideFlags: 0
  m_CorrespondingSourceObject: {fileID: 759208223824831561, guid: e76358b1c883cda4f8b22ff2b7da0b29,
    type: 3}
  m_PrefabInstance: {fileID: 4950872374679774914}
  m_PrefabAsset: {fileID: 0}
  m_GameObject: {fileID: 430464101731382224}
  m_LocalRotation: {x: 0.12257735, y: -0.025030365, z: -0.031806953, w: 0.99163336}
  m_LocalPosition: {x: -0.0000039622746, y: 0.107174955, z: -0.0093113575}
  m_LocalScale: {x: 1, y: 1, z: 1}
  m_Children:
  - {fileID: 5812770342552787168}
  m_Father: {fileID: 5803182970031566483}
  m_RootOrder: 2
  m_LocalEulerAnglesHint: {x: 0, y: 0, z: 0}
--- !u!1 &494128705699412643
GameObject:
  m_ObjectHideFlags: 0
  m_CorrespondingSourceObject: {fileID: 759208223825066067, guid: e76358b1c883cda4f8b22ff2b7da0b29,
    type: 3}
  m_PrefabInstance: {fileID: 4950872374679774914}
  m_PrefabAsset: {fileID: 0}
  serializedVersion: 6
  m_Component:
  - component: {fileID: 3412300187022138709}
  m_Layer: 0
  m_Name: RightUpLeg
  m_TagString: Untagged
  m_Icon: {fileID: 0}
  m_NavMeshLayer: 0
  m_StaticEditorFlags: 0
  m_IsActive: 1
--- !u!4 &3412300187022138709
Transform:
  m_ObjectHideFlags: 0
  m_CorrespondingSourceObject: {fileID: 759208223824831923, guid: e76358b1c883cda4f8b22ff2b7da0b29,
    type: 3}
  m_PrefabInstance: {fileID: 4950872374679774914}
  m_PrefabAsset: {fileID: 0}
  m_GameObject: {fileID: 494128705699412643}
  m_LocalRotation: {x: -0.4969141, y: 0.101260096, z: -0.026294917, w: 0.86147046}
  m_LocalPosition: {x: 0.12297485, y: -0.06742082, z: -0.010002997}
  m_LocalScale: {x: 1, y: 1, z: 1}
  m_Children:
  - {fileID: 1496228309424374464}
  m_Father: {fileID: 5803182970031566483}
  m_RootOrder: 1
  m_LocalEulerAnglesHint: {x: 0, y: 0, z: 0}
--- !u!1 &829833142380830560
GameObject:
  m_ObjectHideFlags: 0
  m_CorrespondingSourceObject: {fileID: 759208223825066069, guid: e76358b1c883cda4f8b22ff2b7da0b29,
    type: 3}
  m_PrefabInstance: {fileID: 4950872374679774914}
  m_PrefabAsset: {fileID: 0}
  serializedVersion: 6
  m_Component:
  - component: {fileID: 4917902834169700596}
  - component: {fileID: 7276201913672748918}
  m_Layer: 0
  m_Name: skeletonZombie
  m_TagString: Untagged
  m_Icon: {fileID: 0}
  m_NavMeshLayer: 0
  m_StaticEditorFlags: 0
  m_IsActive: 1
--- !u!4 &4917902834169700596
Transform:
  m_ObjectHideFlags: 0
  m_CorrespondingSourceObject: {fileID: 759208223824831925, guid: e76358b1c883cda4f8b22ff2b7da0b29,
    type: 3}
  m_PrefabInstance: {fileID: 4950872374679774914}
  m_PrefabAsset: {fileID: 0}
  m_GameObject: {fileID: 829833142380830560}
  m_LocalRotation: {x: 0, y: -0, z: -0, w: 1}
  m_LocalPosition: {x: -0, y: 0, z: 0}
  m_LocalScale: {x: 1, y: 1, z: 1}
  m_Children: []
  m_Father: {fileID: 277973786013888303}
  m_RootOrder: 2
  m_LocalEulerAnglesHint: {x: 0, y: 0, z: 0}
--- !u!137 &7276201913672748918
SkinnedMeshRenderer:
  m_ObjectHideFlags: 0
  m_CorrespondingSourceObject: {fileID: 759208223821886697, guid: e76358b1c883cda4f8b22ff2b7da0b29,
    type: 3}
  m_PrefabInstance: {fileID: 4950872374679774914}
  m_PrefabAsset: {fileID: 0}
  m_GameObject: {fileID: 829833142380830560}
  m_Enabled: 1
  m_CastShadows: 1
  m_ReceiveShadows: 1
  m_DynamicOccludee: 1
  m_MotionVectors: 1
  m_LightProbeUsage: 1
  m_ReflectionProbeUsage: 1
  m_RenderingLayerMask: 1
  m_RendererPriority: 0
  m_Materials:
  - {fileID: 2100000, guid: e75c45fbe00c6194baf98c06dc0bba42, type: 2}
  m_StaticBatchInfo:
    firstSubMesh: 0
    subMeshCount: 0
  m_StaticBatchRoot: {fileID: 0}
  m_ProbeAnchor: {fileID: 0}
  m_LightProbeVolumeOverride: {fileID: 0}
  m_ScaleInLightmap: 1
  m_PreserveUVs: 0
  m_IgnoreNormalsForChartDetection: 0
  m_ImportantGI: 0
  m_StitchLightmapSeams: 0
  m_SelectedEditorRenderState: 3
  m_MinimumChartSize: 4
  m_AutoUVMaxDistance: 0.5
  m_AutoUVMaxAngle: 89
  m_LightmapParameters: {fileID: 0}
  m_SortingLayerID: 0
  m_SortingLayer: 0
  m_SortingOrder: 0
  serializedVersion: 2
  m_Quality: 0
  m_UpdateWhenOffscreen: 0
  m_SkinnedMotionVectors: 1
  m_Mesh: {fileID: 4300000, guid: b0068c7de773a6c41aae39045cb2f971, type: 3}
  m_Bones:
  - {fileID: 7259673722263558274}
  - {fileID: 5927796176438246624}
  - {fileID: 8459054385908354251}
  - {fileID: 1496228309424374464}
  - {fileID: 3412300187022138709}
  - {fileID: 8694755034142465881}
  - {fileID: 4290085773738220189}
  - {fileID: 3986740910170951009}
  - {fileID: 4271886381380916164}
  - {fileID: 2599371872249157525}
  - {fileID: 2413982275636037500}
  - {fileID: 7167183065936667448}
  - {fileID: 598825339820971309}
  - {fileID: 1675970153248461100}
  - {fileID: 7431415839638975725}
  - {fileID: 7099823231729760260}
  - {fileID: 8317683658811513972}
  - {fileID: 3273820798287371165}
  - {fileID: 8044804864719791576}
  - {fileID: 6225254416236049671}
  - {fileID: 1302553282544874607}
  - {fileID: 1872126936671743596}
  - {fileID: 1030089431597078034}
  - {fileID: 1810349249006775791}
  - {fileID: 2942896529850465372}
  - {fileID: 6716581438334109054}
  - {fileID: 2138754029292448200}
  - {fileID: 1871285515934744712}
  - {fileID: 616847090219664207}
  - {fileID: 1635713441968715154}
  - {fileID: 1190655670105727378}
  - {fileID: 3520436300786701328}
  - {fileID: 5611539531224545603}
  - {fileID: 6516268151441389241}
  - {fileID: 6739396325596223288}
  - {fileID: 4272414784132316180}
  - {fileID: 4837709214027634737}
  - {fileID: 4922076927369650233}
  - {fileID: 6778213365868314309}
  - {fileID: 9121143288737991034}
  - {fileID: 1069417530276845449}
  - {fileID: 1745888081355704328}
  - {fileID: 5179728518225818497}
  - {fileID: 3717872483610656662}
  - {fileID: 8205982218140482899}
  - {fileID: 644901800790463392}
  - {fileID: 4794381131967821915}
  - {fileID: 4590835479137801531}
  - {fileID: 4930762636098794658}
  - {fileID: 7357844807348382850}
  - {fileID: 8886742853994536768}
  - {fileID: 6750249960641364329}
  - {fileID: 6654265972549173431}
  - {fileID: 6542194120196498434}
  - {fileID: 5512561273245252242}
  - {fileID: 2941098907465275152}
  - {fileID: 7821864199245672163}
  - {fileID: 8564057521586115016}
  - {fileID: 2007329178831614283}
  - {fileID: 5346757347715008006}
  - {fileID: 8451429855060320266}
  - {fileID: 3952914516590084908}
  - {fileID: 5812770342552787168}
  - {fileID: 8660568125445719711}
  - {fileID: 5803182970031566483}
  m_BlendShapeWeights: []
  m_RootBone: {fileID: 5803182970031566483}
  m_AABB:
    m_Center: {x: -0.081241995, y: -0.07492182, z: 0.3564919}
    m_Extent: {x: 0.5817486, y: 0.9266722, z: 0.6213213}
  m_DirtyAABB: 0
--- !u!1 &875113525604498509
GameObject:
  m_ObjectHideFlags: 0
  m_CorrespondingSourceObject: {fileID: 759208223825066473, guid: e76358b1c883cda4f8b22ff2b7da0b29,
    type: 3}
  m_PrefabInstance: {fileID: 4950872374679774914}
  m_PrefabAsset: {fileID: 0}
  serializedVersion: 6
  m_Component:
  - component: {fileID: 4272414784132316180}
  m_Layer: 0
  m_Name: Head
  m_TagString: Untagged
  m_Icon: {fileID: 0}
  m_NavMeshLayer: 0
  m_StaticEditorFlags: 0
  m_IsActive: 1
--- !u!4 &4272414784132316180
Transform:
  m_ObjectHideFlags: 0
  m_CorrespondingSourceObject: {fileID: 759208223824831945, guid: e76358b1c883cda4f8b22ff2b7da0b29,
    type: 3}
  m_PrefabInstance: {fileID: 4950872374679774914}
  m_PrefabAsset: {fileID: 0}
  m_GameObject: {fileID: 875113525604498509}
  m_LocalRotation: {x: -0.3054212, y: 0.057127222, z: 0.051007174, w: 0.94913256}
  m_LocalPosition: {x: 2.2228663e-10, y: 0.17445861, z: 0.055809744}
  m_LocalScale: {x: 1, y: 1, z: 1}
  m_Children:
  - {fileID: 6739396325596223288}
  m_Father: {fileID: 4837709214027634737}
  m_RootOrder: 0
  m_LocalEulerAnglesHint: {x: 0, y: 0, z: 0}
--- !u!1 &1092997338315753933
GameObject:
  m_ObjectHideFlags: 0
  m_CorrespondingSourceObject: {fileID: 759208223825066467, guid: e76358b1c883cda4f8b22ff2b7da0b29,
    type: 3}
  m_PrefabInstance: {fileID: 4950872374679774914}
  m_PrefabAsset: {fileID: 0}
  serializedVersion: 6
  m_Component:
  - component: {fileID: 2007329178831614283}
  m_Layer: 0
  m_Name: LeftForeArm
  m_TagString: Untagged
  m_Icon: {fileID: 0}
  m_NavMeshLayer: 0
  m_StaticEditorFlags: 0
  m_IsActive: 1
--- !u!4 &2007329178831614283
Transform:
  m_ObjectHideFlags: 0
  m_CorrespondingSourceObject: {fileID: 759208223824831939, guid: e76358b1c883cda4f8b22ff2b7da0b29,
    type: 3}
  m_PrefabInstance: {fileID: 4950872374679774914}
  m_PrefabAsset: {fileID: 0}
  m_GameObject: {fileID: 1092997338315753933}
  m_LocalRotation: {x: -0.000000023699782, y: 0.34200287, z: 0.000000073424275, w: 0.93969893}
  m_LocalPosition: {x: -0.24149026, y: 0.0000004967725, z: 0.00000017287249}
  m_LocalScale: {x: 1, y: 1, z: 1}
  m_Children:
  - {fileID: 8564057521586115016}
  m_Father: {fileID: 5346757347715008006}
  m_RootOrder: 0
  m_LocalEulerAnglesHint: {x: 0, y: 0, z: 0}
--- !u!1 &1144753450429956846
GameObject:
  m_ObjectHideFlags: 0
  m_CorrespondingSourceObject: {fileID: 759208223825066379, guid: e76358b1c883cda4f8b22ff2b7da0b29,
    type: 3}
  m_PrefabInstance: {fileID: 4950872374679774914}
  m_PrefabAsset: {fileID: 0}
  serializedVersion: 6
  m_Component:
  - component: {fileID: 5179728518225818497}
  m_Layer: 0
  m_Name: LeftHandPinky3
  m_TagString: Untagged
  m_Icon: {fileID: 0}
  m_NavMeshLayer: 0
  m_StaticEditorFlags: 0
  m_IsActive: 1
--- !u!4 &5179728518225818497
Transform:
  m_ObjectHideFlags: 0
  m_CorrespondingSourceObject: {fileID: 759208223824831979, guid: e76358b1c883cda4f8b22ff2b7da0b29,
    type: 3}
  m_PrefabInstance: {fileID: 4950872374679774914}
  m_PrefabAsset: {fileID: 0}
  m_GameObject: {fileID: 1144753450429956846}
  m_LocalRotation: {x: 0.011476626, y: -0.071417406, z: 0.7306953, w: 0.67886096}
  m_LocalPosition: {x: -0.06292784, y: -0.0000005950709, z: 0.000989046}
  m_LocalScale: {x: 1, y: 1, z: 1}
  m_Children:
  - {fileID: 1745888081355704328}
  m_Father: {fileID: 3717872483610656662}
  m_RootOrder: 0
  m_LocalEulerAnglesHint: {x: 0, y: 0, z: 0}
--- !u!1 &1392247083220717143
GameObject:
  m_ObjectHideFlags: 0
  m_CorrespondingSourceObject: {fileID: 759208223825066397, guid: e76358b1c883cda4f8b22ff2b7da0b29,
    type: 3}
  m_PrefabInstance: {fileID: 4950872374679774914}
  m_PrefabAsset: {fileID: 0}
  serializedVersion: 6
  m_Component:
  - component: {fileID: 644901800790463392}
  m_Layer: 0
  m_Name: LeftHandThumb4
  m_TagString: Untagged
  m_Icon: {fileID: 0}
  m_NavMeshLayer: 0
  m_StaticEditorFlags: 0
  m_IsActive: 1
--- !u!4 &644901800790463392
Transform:
  m_ObjectHideFlags: 0
  m_CorrespondingSourceObject: {fileID: 759208223824831997, guid: e76358b1c883cda4f8b22ff2b7da0b29,
    type: 3}
  m_PrefabInstance: {fileID: 4950872374679774914}
  m_PrefabAsset: {fileID: 0}
  m_GameObject: {fileID: 1392247083220717143}
  m_LocalRotation: {x: 0, y: -0, z: -0, w: 1}
  m_LocalPosition: {x: -0.083235435, y: -0.048056044, z: 0.04805582}
  m_LocalScale: {x: 1, y: 1, z: 1}
  m_Children: []
  m_Father: {fileID: 4794381131967821915}
  m_RootOrder: 0
  m_LocalEulerAnglesHint: {x: 0, y: 0, z: 0}
--- !u!1 &1414027515700065908
GameObject:
  m_ObjectHideFlags: 0
  m_CorrespondingSourceObject: {fileID: 759208223825066385, guid: e76358b1c883cda4f8b22ff2b7da0b29,
    type: 3}
  m_PrefabInstance: {fileID: 4950872374679774914}
  m_PrefabAsset: {fileID: 0}
  serializedVersion: 6
  m_Component:
  - component: {fileID: 8451429855060320266}
  m_Layer: 0
  m_Name: LeftShoulder
  m_TagString: Untagged
  m_Icon: {fileID: 0}
  m_NavMeshLayer: 0
  m_StaticEditorFlags: 0
  m_IsActive: 1
--- !u!4 &8451429855060320266
Transform:
  m_ObjectHideFlags: 0
  m_CorrespondingSourceObject: {fileID: 759208223824831985, guid: e76358b1c883cda4f8b22ff2b7da0b29,
    type: 3}
  m_PrefabInstance: {fileID: 4950872374679774914}
  m_PrefabAsset: {fileID: 0}
  m_GameObject: {fileID: 1414027515700065908}
  m_LocalRotation: {x: 0.010032918, y: 0.05228372, z: 0.099677496, w: 0.9935946}
  m_LocalPosition: {x: -0.10574359, y: 0.22968692, z: -0.07332702}
  m_LocalScale: {x: 1, y: 1, z: 1}
  m_Children:
  - {fileID: 5346757347715008006}
  m_Father: {fileID: 3952914516590084908}
  m_RootOrder: 0
  m_LocalEulerAnglesHint: {x: 0, y: 0, z: 0}
--- !u!1 &1492481380248808843
GameObject:
  m_ObjectHideFlags: 0
  m_CorrespondingSourceObject: {fileID: 759208223825066471, guid: e76358b1c883cda4f8b22ff2b7da0b29,
    type: 3}
  m_PrefabInstance: {fileID: 4950872374679774914}
  m_PrefabAsset: {fileID: 0}
  serializedVersion: 6
  m_Component:
  - component: {fileID: 6654265972549173431}
  m_Layer: 0
  m_Name: LeftHandIndex1
  m_TagString: Untagged
  m_Icon: {fileID: 0}
  m_NavMeshLayer: 0
  m_StaticEditorFlags: 0
  m_IsActive: 1
--- !u!4 &6654265972549173431
Transform:
  m_ObjectHideFlags: 0
  m_CorrespondingSourceObject: {fileID: 759208223824831943, guid: e76358b1c883cda4f8b22ff2b7da0b29,
    type: 3}
  m_PrefabInstance: {fileID: 4950872374679774914}
  m_PrefabAsset: {fileID: 0}
  m_GameObject: {fileID: 1492481380248808843}
  m_LocalRotation: {x: 0.012738293, y: -0.02223553, z: 0.5006735, w: 0.8652569}
  m_LocalPosition: {x: -0.19914357, y: -0.042967714, z: 0.062416848}
  m_LocalScale: {x: 1, y: 1, z: 1}
  m_Children:
  - {fileID: 6750249960641364329}
  m_Father: {fileID: 8564057521586115016}
  m_RootOrder: 0
  m_LocalEulerAnglesHint: {x: 0, y: 0, z: 0}
--- !u!1 &1724666516074847665
GameObject:
  m_ObjectHideFlags: 0
  m_CorrespondingSourceObject: {fileID: 759208223825066371, guid: e76358b1c883cda4f8b22ff2b7da0b29,
    type: 3}
  m_PrefabInstance: {fileID: 4950872374679774914}
  m_PrefabAsset: {fileID: 0}
  serializedVersion: 6
  m_Component:
  - component: {fileID: 6778213365868314309}
  m_Layer: 0
  m_Name: LeftHandRing3
  m_TagString: Untagged
  m_Icon: {fileID: 0}
  m_NavMeshLayer: 0
  m_StaticEditorFlags: 0
  m_IsActive: 1
--- !u!4 &6778213365868314309
Transform:
  m_ObjectHideFlags: 0
  m_CorrespondingSourceObject: {fileID: 759208223824831971, guid: e76358b1c883cda4f8b22ff2b7da0b29,
    type: 3}
  m_PrefabInstance: {fileID: 4950872374679774914}
  m_PrefabAsset: {fileID: 0}
  m_GameObject: {fileID: 1724666516074847665}
  m_LocalRotation: {x: -2.1869656e-10, y: -0.046237536, z: 0.47307715, w: 0.8798069}
  m_LocalPosition: {x: -0.10152629, y: 0.00000017366783, z: 0.000000035655503}
  m_LocalScale: {x: 1, y: 1, z: 1}
  m_Children:
  - {fileID: 4922076927369650233}
  m_Father: {fileID: 9121143288737991034}
  m_RootOrder: 0
  m_LocalEulerAnglesHint: {x: 0, y: 0, z: 0}
--- !u!1 &1891516794573644554
GameObject:
  m_ObjectHideFlags: 0
  m_CorrespondingSourceObject: {fileID: 759208223825066383, guid: e76358b1c883cda4f8b22ff2b7da0b29,
    type: 3}
  m_PrefabInstance: {fileID: 4950872374679774914}
  m_PrefabAsset: {fileID: 0}
  serializedVersion: 6
  m_Component:
  - component: {fileID: 1069417530276845449}
  m_Layer: 0
  m_Name: LeftHandRing1
  m_TagString: Untagged
  m_Icon: {fileID: 0}
  m_NavMeshLayer: 0
  m_StaticEditorFlags: 0
  m_IsActive: 1
--- !u!4 &1069417530276845449
Transform:
  m_ObjectHideFlags: 0
  m_CorrespondingSourceObject: {fileID: 759208223824831983, guid: e76358b1c883cda4f8b22ff2b7da0b29,
    type: 3}
  m_PrefabInstance: {fileID: 4950872374679774914}
  m_PrefabAsset: {fileID: 0}
  m_GameObject: {fileID: 1891516794573644554}
  m_LocalRotation: {x: -0.0014275025, y: -0.078005545, z: 0.46082166, w: 0.88405687}
  m_LocalPosition: {x: -0.18529709, y: -0.017241737, z: -0.06104402}
  m_LocalScale: {x: 1, y: 1, z: 1}
  m_Children:
  - {fileID: 9121143288737991034}
  m_Father: {fileID: 8564057521586115016}
  m_RootOrder: 3
  m_LocalEulerAnglesHint: {x: 0, y: 0, z: 0}
--- !u!1 &1902684218419731316
GameObject:
  m_ObjectHideFlags: 0
  m_CorrespondingSourceObject: {fileID: 759208223825066093, guid: e76358b1c883cda4f8b22ff2b7da0b29,
    type: 3}
  m_PrefabInstance: {fileID: 4950872374679774914}
  m_PrefabAsset: {fileID: 0}
  serializedVersion: 6
  m_Component:
  - component: {fileID: 3952914516590084908}
  m_Layer: 0
  m_Name: Spine2
  m_TagString: Untagged
  m_Icon: {fileID: 0}
  m_NavMeshLayer: 0
  m_StaticEditorFlags: 0
  m_IsActive: 1
--- !u!4 &3952914516590084908
Transform:
  m_ObjectHideFlags: 0
  m_CorrespondingSourceObject: {fileID: 759208223824831565, guid: e76358b1c883cda4f8b22ff2b7da0b29,
    type: 3}
  m_PrefabInstance: {fileID: 4950872374679774914}
  m_PrefabAsset: {fileID: 0}
  m_GameObject: {fileID: 1902684218419731316}
  m_LocalRotation: {x: 0.09087257, y: -0.013119596, z: -0.017262531, w: 0.9956265}
  m_LocalPosition: {x: 5.9305857e-19, y: 0.10634457, z: -0.008070441}
  m_LocalScale: {x: 1, y: 1, z: 1}
  m_Children:
  - {fileID: 8451429855060320266}
  - {fileID: 4837709214027634737}
  - {fileID: 6516268151441389241}
  m_Father: {fileID: 5812770342552787168}
  m_RootOrder: 0
  m_LocalEulerAnglesHint: {x: 0, y: 0, z: 0}
--- !u!1 &2154153287469158238
GameObject:
  m_ObjectHideFlags: 0
  m_CorrespondingSourceObject: {fileID: 759208223825066479, guid: e76358b1c883cda4f8b22ff2b7da0b29,
    type: 3}
  m_PrefabInstance: {fileID: 4950872374679774914}
  m_PrefabAsset: {fileID: 0}
  serializedVersion: 6
  m_Component:
  - component: {fileID: 5346757347715008006}
  m_Layer: 0
  m_Name: LeftArm
  m_TagString: Untagged
  m_Icon: {fileID: 0}
  m_NavMeshLayer: 0
  m_StaticEditorFlags: 0
  m_IsActive: 1
--- !u!4 &5346757347715008006
Transform:
  m_ObjectHideFlags: 0
  m_CorrespondingSourceObject: {fileID: 759208223824831951, guid: e76358b1c883cda4f8b22ff2b7da0b29,
    type: 3}
  m_PrefabInstance: {fileID: 4950872374679774914}
  m_PrefabAsset: {fileID: 0}
  m_GameObject: {fileID: 2154153287469158238}
  m_LocalRotation: {x: -0.13906035, y: -0.072826035, z: 0.49282166, w: 0.8558536}
  m_LocalPosition: {x: -0.14921865, y: -0.04648446, z: -0.031282783}
  m_LocalScale: {x: 1, y: 1, z: 1}
  m_Children:
  - {fileID: 2007329178831614283}
  m_Father: {fileID: 8451429855060320266}
  m_RootOrder: 0
  m_LocalEulerAnglesHint: {x: 0, y: 0, z: 0}
--- !u!1 &2286342039811334838
GameObject:
  m_ObjectHideFlags: 0
  m_CorrespondingSourceObject: {fileID: 759208223825066493, guid: e76358b1c883cda4f8b22ff2b7da0b29,
    type: 3}
  m_PrefabInstance: {fileID: 4950872374679774914}
  m_PrefabAsset: {fileID: 0}
  serializedVersion: 6
  m_Component:
  - component: {fileID: 7357844807348382850}
  m_Layer: 0
  m_Name: LeftHandIndex4
  m_TagString: Untagged
  m_Icon: {fileID: 0}
  m_NavMeshLayer: 0
  m_StaticEditorFlags: 0
  m_IsActive: 1
--- !u!4 &7357844807348382850
Transform:
  m_ObjectHideFlags: 0
  m_CorrespondingSourceObject: {fileID: 759208223824831965, guid: e76358b1c883cda4f8b22ff2b7da0b29,
    type: 3}
  m_PrefabInstance: {fileID: 4950872374679774914}
  m_PrefabAsset: {fileID: 0}
  m_GameObject: {fileID: 2286342039811334838}
  m_LocalRotation: {x: 0, y: -0, z: -0, w: 1}
  m_LocalPosition: {x: -0.23647939, y: 0.00000017003615, z: -0.00000008220159}
  m_LocalScale: {x: 1, y: 1, z: 1}
  m_Children: []
  m_Father: {fileID: 8886742853994536768}
  m_RootOrder: 0
  m_LocalEulerAnglesHint: {x: 0, y: 0, z: 0}
--- !u!1 &2493858402663460278
GameObject:
  m_ObjectHideFlags: 0
  m_CorrespondingSourceObject: {fileID: 759208223825066373, guid: e76358b1c883cda4f8b22ff2b7da0b29,
    type: 3}
  m_PrefabInstance: {fileID: 4950872374679774914}
  m_PrefabAsset: {fileID: 0}
  serializedVersion: 6
  m_Component:
  - component: {fileID: 4922076927369650233}
  m_Layer: 0
  m_Name: LeftHandRing4
  m_TagString: Untagged
  m_Icon: {fileID: 0}
  m_NavMeshLayer: 0
  m_StaticEditorFlags: 0
  m_IsActive: 1
--- !u!4 &4922076927369650233
Transform:
  m_ObjectHideFlags: 0
  m_CorrespondingSourceObject: {fileID: 759208223824831973, guid: e76358b1c883cda4f8b22ff2b7da0b29,
    type: 3}
  m_PrefabInstance: {fileID: 4950872374679774914}
  m_PrefabAsset: {fileID: 0}
  m_GameObject: {fileID: 2493858402663460278}
  m_LocalRotation: {x: 0, y: -0, z: -0, w: 1}
  m_LocalPosition: {x: -0.16248198, y: 0.00000030368867, z: 0.00000012218158}
  m_LocalScale: {x: 1, y: 1, z: 1}
  m_Children: []
  m_Father: {fileID: 6778213365868314309}
  m_RootOrder: 0
  m_LocalEulerAnglesHint: {x: 0, y: 0, z: 0}
--- !u!1 &2673303464436441746
GameObject:
  m_ObjectHideFlags: 0
  m_CorrespondingSourceObject: {fileID: 759208223825066377, guid: e76358b1c883cda4f8b22ff2b7da0b29,
    type: 3}
  m_PrefabInstance: {fileID: 4950872374679774914}
  m_PrefabAsset: {fileID: 0}
  serializedVersion: 6
  m_Component:
  - component: {fileID: 3717872483610656662}
  m_Layer: 0
  m_Name: LeftHandPinky2
  m_TagString: Untagged
  m_Icon: {fileID: 0}
  m_NavMeshLayer: 0
  m_StaticEditorFlags: 0
  m_IsActive: 1
--- !u!4 &3717872483610656662
Transform:
  m_ObjectHideFlags: 0
  m_CorrespondingSourceObject: {fileID: 759208223824831977, guid: e76358b1c883cda4f8b22ff2b7da0b29,
    type: 3}
  m_PrefabInstance: {fileID: 4950872374679774914}
  m_PrefabAsset: {fileID: 0}
  m_GameObject: {fileID: 2673303464436441746}
  m_LocalRotation: {x: 0.005742698, y: -0.076756634, z: 0.73075026, w: 0.6782916}
  m_LocalPosition: {x: -0.14598975, y: 0.00000007094986, z: 0.00000003202864}
  m_LocalScale: {x: 1, y: 1, z: 1}
  m_Children:
  - {fileID: 5179728518225818497}
  m_Father: {fileID: 8205982218140482899}
  m_RootOrder: 0
  m_LocalEulerAnglesHint: {x: 0, y: 0, z: 0}
--- !u!1 &2754729517015571592
GameObject:
  m_ObjectHideFlags: 0
  m_CorrespondingSourceObject: {fileID: 759208223825066399, guid: e76358b1c883cda4f8b22ff2b7da0b29,
    type: 3}
  m_PrefabInstance: {fileID: 4950872374679774914}
  m_PrefabAsset: {fileID: 0}
  serializedVersion: 6
  m_Component:
  - component: {fileID: 4271886381380916164}
  m_Layer: 0
  m_Name: LeftLeg
  m_TagString: Untagged
  m_Icon: {fileID: 0}
  m_NavMeshLayer: 0
  m_StaticEditorFlags: 0
  m_IsActive: 1
--- !u!4 &4271886381380916164
Transform:
  m_ObjectHideFlags: 0
  m_CorrespondingSourceObject: {fileID: 759208223824831999, guid: e76358b1c883cda4f8b22ff2b7da0b29,
    type: 3}
  m_PrefabInstance: {fileID: 4950872374679774914}
  m_PrefabAsset: {fileID: 0}
  m_GameObject: {fileID: 2754729517015571592}
  m_LocalRotation: {x: 0.542853, y: -0.07503276, z: -0.041623205, w: 0.83543295}
  m_LocalPosition: {x: -0.0034007484, y: -0.45546523, z: 0.010729181}
  m_LocalScale: {x: 1, y: 1, z: 1}
  m_Children:
  - {fileID: 3986740910170951009}
  m_Father: {fileID: 2599371872249157525}
  m_RootOrder: 0
  m_LocalEulerAnglesHint: {x: 0, y: 0, z: 0}
--- !u!1 &2815748029124146024
GameObject:
  m_ObjectHideFlags: 0
  m_CorrespondingSourceObject: {fileID: 759208223825066413, guid: e76358b1c883cda4f8b22ff2b7da0b29,
    type: 3}
  m_PrefabInstance: {fileID: 4950872374679774914}
  m_PrefabAsset: {fileID: 0}
  serializedVersion: 6
  m_Component:
  - component: {fileID: 8459054385908354251}
  m_Layer: 0
  m_Name: RightFoot
  m_TagString: Untagged
  m_Icon: {fileID: 0}
  m_NavMeshLayer: 0
  m_StaticEditorFlags: 0
  m_IsActive: 1
--- !u!4 &8459054385908354251
Transform:
  m_ObjectHideFlags: 0
  m_CorrespondingSourceObject: {fileID: 759208223824831885, guid: e76358b1c883cda4f8b22ff2b7da0b29,
    type: 3}
  m_PrefabInstance: {fileID: 4950872374679774914}
  m_PrefabAsset: {fileID: 0}
  m_GameObject: {fileID: 2815748029124146024}
  m_LocalRotation: {x: -0.22013153, y: 0.17096642, z: 0.0067748064, w: 0.9603472}
  m_LocalPosition: {x: -0.003408136, y: -0.50099796, z: -0.041087892}
  m_LocalScale: {x: 1, y: 1, z: 1}
  m_Children:
  - {fileID: 5927796176438246624}
  m_Father: {fileID: 1496228309424374464}
  m_RootOrder: 0
  m_LocalEulerAnglesHint: {x: 0, y: 0, z: 0}
--- !u!1 &2816203787438971311
GameObject:
  m_ObjectHideFlags: 0
  m_CorrespondingSourceObject: {fileID: 759208223825066403, guid: e76358b1c883cda4f8b22ff2b7da0b29,
    type: 3}
  m_PrefabInstance: {fileID: 4950872374679774914}
  m_PrefabAsset: {fileID: 0}
  serializedVersion: 6
  m_Component:
  - component: {fileID: 6716581438334109054}
  m_Layer: 0
  m_Name: RightHandIndex1
  m_TagString: Untagged
  m_Icon: {fileID: 0}
  m_NavMeshLayer: 0
  m_StaticEditorFlags: 0
  m_IsActive: 1
--- !u!4 &6716581438334109054
Transform:
  m_ObjectHideFlags: 0
  m_CorrespondingSourceObject: {fileID: 759208223824831875, guid: e76358b1c883cda4f8b22ff2b7da0b29,
    type: 3}
  m_PrefabInstance: {fileID: 4950872374679774914}
  m_PrefabAsset: {fileID: 0}
  m_GameObject: {fileID: 2816203787438971311}
  m_LocalRotation: {x: 0.091070116, y: -0.06861147, z: -0.3508786, w: 0.929453}
  m_LocalPosition: {x: 0.19914357, y: -0.042967714, z: 0.062416848}
  m_LocalScale: {x: 1, y: 1, z: 1}
  m_Children:
  - {fileID: 2942896529850465372}
  m_Father: {fileID: 1190655670105727378}
  m_RootOrder: 0
  m_LocalEulerAnglesHint: {x: 0, y: 0, z: 0}
--- !u!1 &2903261389677034381
GameObject:
  m_ObjectHideFlags: 0
  m_CorrespondingSourceObject: {fileID: 759208223825066059, guid: e76358b1c883cda4f8b22ff2b7da0b29,
    type: 3}
  m_PrefabInstance: {fileID: 4950872374679774914}
  m_PrefabAsset: {fileID: 0}
  serializedVersion: 6
  m_Component:
  - component: {fileID: 3273820798287371165}
  m_Layer: 0
  m_Name: RightHandRing1
  m_TagString: Untagged
  m_Icon: {fileID: 0}
  m_NavMeshLayer: 0
  m_StaticEditorFlags: 0
  m_IsActive: 1
--- !u!4 &3273820798287371165
Transform:
  m_ObjectHideFlags: 0
  m_CorrespondingSourceObject: {fileID: 759208223824831915, guid: e76358b1c883cda4f8b22ff2b7da0b29,
    type: 3}
  m_PrefabInstance: {fileID: 4950872374679774914}
  m_PrefabAsset: {fileID: 0}
  m_GameObject: {fileID: 2903261389677034381}
  m_LocalRotation: {x: 0.0036211682, y: 0.07557021, z: -0.42617857, w: 0.9014699}
  m_LocalPosition: {x: 0.18529709, y: -0.017241737, z: -0.06104402}
  m_LocalScale: {x: 1, y: 1, z: 1}
  m_Children:
  - {fileID: 8317683658811513972}
  m_Father: {fileID: 1190655670105727378}
  m_RootOrder: 3
  m_LocalEulerAnglesHint: {x: 0, y: 0, z: 0}
--- !u!1 &2918368268869309285
GameObject:
  m_ObjectHideFlags: 0
  m_CorrespondingSourceObject: {fileID: 759208223825066057, guid: e76358b1c883cda4f8b22ff2b7da0b29,
    type: 3}
  m_PrefabInstance: {fileID: 4950872374679774914}
  m_PrefabAsset: {fileID: 0}
  serializedVersion: 6
  m_Component:
  - component: {fileID: 2413982275636037500}
  m_Layer: 0
  m_Name: RightHandPinky4
  m_TagString: Untagged
  m_Icon: {fileID: 0}
  m_NavMeshLayer: 0
  m_StaticEditorFlags: 0
  m_IsActive: 1
--- !u!4 &2413982275636037500
Transform:
  m_ObjectHideFlags: 0
  m_CorrespondingSourceObject: {fileID: 759208223824831913, guid: e76358b1c883cda4f8b22ff2b7da0b29,
    type: 3}
  m_PrefabInstance: {fileID: 4950872374679774914}
  m_PrefabAsset: {fileID: 0}
  m_GameObject: {fileID: 2918368268869309285}
  m_LocalRotation: {x: 0, y: -0, z: -0, w: 1}
  m_LocalPosition: {x: 0.18878065, y: 0.0000013536115, z: 0.0029632875}
  m_LocalScale: {x: 1, y: 1, z: 1}
  m_Children: []
  m_Father: {fileID: 7167183065936667448}
  m_RootOrder: 0
  m_LocalEulerAnglesHint: {x: 0, y: 0, z: 0}
--- !u!1 &2957352239124166736
GameObject:
  m_ObjectHideFlags: 0
  m_CorrespondingSourceObject: {fileID: 759208223825066431, guid: e76358b1c883cda4f8b22ff2b7da0b29,
    type: 3}
  m_PrefabInstance: {fileID: 4950872374679774914}
  m_PrefabAsset: {fileID: 0}
  serializedVersion: 6
  m_Component:
  - component: {fileID: 6225254416236049671}
  m_Layer: 0
  m_Name: RightHandMiddle3
  m_TagString: Untagged
  m_Icon: {fileID: 0}
  m_NavMeshLayer: 0
  m_StaticEditorFlags: 0
  m_IsActive: 1
--- !u!4 &6225254416236049671
Transform:
  m_ObjectHideFlags: 0
  m_CorrespondingSourceObject: {fileID: 759208223824831903, guid: e76358b1c883cda4f8b22ff2b7da0b29,
    type: 3}
  m_PrefabInstance: {fileID: 4950872374679774914}
  m_PrefabAsset: {fileID: 0}
  m_GameObject: {fileID: 2957352239124166736}
  m_LocalRotation: {x: -0.0077857343, y: 0.057970904, z: -0.59929055, w: 0.7983919}
  m_LocalPosition: {x: 0.14492217, y: -0.0000027310143, z: -0.0041129547}
  m_LocalScale: {x: 1, y: 1, z: 1}
  m_Children:
  - {fileID: 8044804864719791576}
  m_Father: {fileID: 1302553282544874607}
  m_RootOrder: 0
  m_LocalEulerAnglesHint: {x: 0, y: 0, z: 0}
--- !u!1 &3074522342248237754
GameObject:
  m_ObjectHideFlags: 0
  m_CorrespondingSourceObject: {fileID: 759208223825066419, guid: e76358b1c883cda4f8b22ff2b7da0b29,
    type: 3}
  m_PrefabInstance: {fileID: 4950872374679774914}
  m_PrefabAsset: {fileID: 0}
  serializedVersion: 6
  m_Component:
  - component: {fileID: 1675970153248461100}
  m_Layer: 0
  m_Name: RightHandPinky1
  m_TagString: Untagged
  m_Icon: {fileID: 0}
  m_NavMeshLayer: 0
  m_StaticEditorFlags: 0
  m_IsActive: 1
--- !u!4 &1675970153248461100
Transform:
  m_ObjectHideFlags: 0
  m_CorrespondingSourceObject: {fileID: 759208223824831891, guid: e76358b1c883cda4f8b22ff2b7da0b29,
    type: 3}
  m_PrefabInstance: {fileID: 4950872374679774914}
  m_PrefabAsset: {fileID: 0}
  m_GameObject: {fileID: 3074522342248237754}
  m_LocalRotation: {x: -0.056689404, y: 0.18355179, z: -0.59096044, w: 0.7834927}
  m_LocalPosition: {x: 0.14805391, y: -0.03033645, z: -0.11856566}
  m_LocalScale: {x: 1, y: 1, z: 1}
  m_Children:
  - {fileID: 598825339820971309}
  m_Father: {fileID: 1190655670105727378}
  m_RootOrder: 2
  m_LocalEulerAnglesHint: {x: 0, y: 0, z: 0}
--- !u!1 &3167404661278937542
GameObject:
  m_ObjectHideFlags: 0
  m_CorrespondingSourceObject: {fileID: 759208223825066487, guid: e76358b1c883cda4f8b22ff2b7da0b29,
    type: 3}
  m_PrefabInstance: {fileID: 4950872374679774914}
  m_PrefabAsset: {fileID: 0}
  serializedVersion: 6
  m_Component:
  - component: {fileID: 8205982218140482899}
  m_Layer: 0
  m_Name: LeftHandPinky1
  m_TagString: Untagged
  m_Icon: {fileID: 0}
  m_NavMeshLayer: 0
  m_StaticEditorFlags: 0
  m_IsActive: 1
--- !u!4 &8205982218140482899
Transform:
  m_ObjectHideFlags: 0
  m_CorrespondingSourceObject: {fileID: 759208223824831959, guid: e76358b1c883cda4f8b22ff2b7da0b29,
    type: 3}
  m_PrefabInstance: {fileID: 4950872374679774914}
  m_PrefabAsset: {fileID: 0}
  m_GameObject: {fileID: 3167404661278937542}
  m_LocalRotation: {x: -0.050663654, y: -0.14752592, z: 0.49511993, w: 0.8547079}
  m_LocalPosition: {x: -0.14805391, y: -0.03033645, z: -0.11856566}
  m_LocalScale: {x: 1, y: 1, z: 1}
  m_Children:
  - {fileID: 3717872483610656662}
  m_Father: {fileID: 8564057521586115016}
  m_RootOrder: 2
  m_LocalEulerAnglesHint: {x: 0, y: 0, z: 0}
--- !u!1 &3187584004242206560
GameObject:
  m_ObjectHideFlags: 0
  m_CorrespondingSourceObject: {fileID: 759208223825066495, guid: e76358b1c883cda4f8b22ff2b7da0b29,
    type: 3}
  m_PrefabInstance: {fileID: 4950872374679774914}
  m_PrefabAsset: {fileID: 0}
  serializedVersion: 6
  m_Component:
  - component: {fileID: 7821864199245672163}
  m_Layer: 0
  m_Name: LeftHandMiddle1
  m_TagString: Untagged
  m_Icon: {fileID: 0}
  m_NavMeshLayer: 0
  m_StaticEditorFlags: 0
  m_IsActive: 1
--- !u!4 &7821864199245672163
Transform:
  m_ObjectHideFlags: 0
  m_CorrespondingSourceObject: {fileID: 759208223824831967, guid: e76358b1c883cda4f8b22ff2b7da0b29,
    type: 3}
  m_PrefabInstance: {fileID: 4950872374679774914}
  m_PrefabAsset: {fileID: 0}
  m_GameObject: {fileID: 3187584004242206560}
  m_LocalRotation: {x: -0.008538231, y: -0.061632317, z: 0.43901744, w: 0.89632154}
  m_LocalPosition: {x: -0.21747407, y: 0.00000014144689, z: -0.0000000516691}
  m_LocalScale: {x: 1, y: 1, z: 1}
  m_Children:
  - {fileID: 2941098907465275152}
  m_Father: {fileID: 8564057521586115016}
  m_RootOrder: 1
  m_LocalEulerAnglesHint: {x: 0, y: 0, z: 0}
--- !u!1 &3208006399928719411
GameObject:
  m_ObjectHideFlags: 0
  m_CorrespondingSourceObject: {fileID: 759208223825066071, guid: e76358b1c883cda4f8b22ff2b7da0b29,
    type: 3}
  m_PrefabInstance: {fileID: 4950872374679774914}
  m_PrefabAsset: {fileID: 0}
  serializedVersion: 6
  m_Component:
  - component: {fileID: 277973786013888303}
  - component: {fileID: 125059320178127630}
  m_Layer: 0
  m_Name: Boss
  m_TagString: Untagged
  m_Icon: {fileID: 0}
  m_NavMeshLayer: 0
  m_StaticEditorFlags: 0
  m_IsActive: 1
--- !u!4 &277973786013888303
Transform:
  m_ObjectHideFlags: 0
  m_CorrespondingSourceObject: {fileID: 759208223824831927, guid: e76358b1c883cda4f8b22ff2b7da0b29,
    type: 3}
  m_PrefabInstance: {fileID: 4950872374679774914}
  m_PrefabAsset: {fileID: 0}
  m_GameObject: {fileID: 3208006399928719411}
  m_LocalRotation: {x: -0, y: -0, z: -0, w: 1}
  m_LocalPosition: {x: 861.2767, y: 569, z: 210.85762}
  m_LocalScale: {x: 1, y: 1, z: 1}
  m_Children:
  - {fileID: 7549574733017263597}
  - {fileID: 5803182970031566483}
  - {fileID: 4917902834169700596}
  m_Father: {fileID: 2322308806464597629}
  m_RootOrder: 0
  m_LocalEulerAnglesHint: {x: 0, y: 0, z: 0}
--- !u!95 &125059320178127630
Animator:
  serializedVersion: 3
  m_ObjectHideFlags: 0
  m_CorrespondingSourceObject: {fileID: 759208223817632297, guid: e76358b1c883cda4f8b22ff2b7da0b29,
    type: 3}
  m_PrefabInstance: {fileID: 4950872374679774914}
  m_PrefabAsset: {fileID: 0}
  m_GameObject: {fileID: 3208006399928719411}
  m_Enabled: 1
  m_Avatar: {fileID: 9000000, guid: b0068c7de773a6c41aae39045cb2f971, type: 3}
  m_Controller: {fileID: 9100000, guid: 88df15a9b3055614698bf7c4154dbf69, type: 2}
  m_CullingMode: 1
  m_UpdateMode: 0
  m_ApplyRootMotion: 0
  m_LinearVelocityBlending: 0
  m_WarningMessage: 
  m_HasTransformHierarchy: 1
  m_AllowConstantClipSamplingOptimization: 1
  m_KeepAnimatorControllerStateOnDisable: 0
--- !u!1 &3586689115382644117
GameObject:
  m_ObjectHideFlags: 0
  m_CorrespondingSourceObject: {fileID: 759208223825066429, guid: e76358b1c883cda4f8b22ff2b7da0b29,
    type: 3}
  m_PrefabInstance: {fileID: 4950872374679774914}
  m_PrefabAsset: {fileID: 0}
  serializedVersion: 6
  m_Component:
  - component: {fileID: 1302553282544874607}
  m_Layer: 0
  m_Name: RightHandMiddle2
  m_TagString: Untagged
  m_Icon: {fileID: 0}
  m_NavMeshLayer: 0
  m_StaticEditorFlags: 0
  m_IsActive: 1
--- !u!4 &1302553282544874607
Transform:
  m_ObjectHideFlags: 0
  m_CorrespondingSourceObject: {fileID: 759208223824831901, guid: e76358b1c883cda4f8b22ff2b7da0b29,
    type: 3}
  m_PrefabInstance: {fileID: 4950872374679774914}
  m_PrefabAsset: {fileID: 0}
  m_GameObject: {fileID: 3586689115382644117}
  m_LocalRotation: {x: -0.008639753, y: 0.03550403, z: -0.60899687, w: 0.7923305}
  m_LocalPosition: {x: 0.12627529, y: 0.0000000712789, z: -0.00000013458094}
  m_LocalScale: {x: 1, y: 1, z: 1}
  m_Children:
  - {fileID: 6225254416236049671}
  m_Father: {fileID: 1872126936671743596}
  m_RootOrder: 0
  m_LocalEulerAnglesHint: {x: 0, y: 0, z: 0}
--- !u!1 &3663464505802881342
GameObject:
  m_ObjectHideFlags: 0
  m_CorrespondingSourceObject: {fileID: 759208223825066063, guid: e76358b1c883cda4f8b22ff2b7da0b29,
    type: 3}
  m_PrefabInstance: {fileID: 4950872374679774914}
  m_PrefabAsset: {fileID: 0}
  serializedVersion: 6
  m_Component:
  - component: {fileID: 7099823231729760260}
  m_Layer: 0
  m_Name: RightHandRing3
  m_TagString: Untagged
  m_Icon: {fileID: 0}
  m_NavMeshLayer: 0
  m_StaticEditorFlags: 0
  m_IsActive: 1
--- !u!4 &7099823231729760260
Transform:
  m_ObjectHideFlags: 0
  m_CorrespondingSourceObject: {fileID: 759208223824831919, guid: e76358b1c883cda4f8b22ff2b7da0b29,
    type: 3}
  m_PrefabInstance: {fileID: 4950872374679774914}
  m_PrefabAsset: {fileID: 0}
  m_GameObject: {fileID: 3663464505802881342}
  m_LocalRotation: {x: 0.00000009243602, y: 0.046731636, z: -0.6089534, w: 0.7918282}
  m_LocalPosition: {x: 0.10152629, y: 0.00000017366783, z: 0.00000003567876}
  m_LocalScale: {x: 1, y: 1, z: 1}
  m_Children:
  - {fileID: 7431415839638975725}
  m_Father: {fileID: 8317683658811513972}
  m_RootOrder: 0
  m_LocalEulerAnglesHint: {x: 0, y: 0, z: 0}
--- !u!1 &3956141697190588666
GameObject:
  m_ObjectHideFlags: 0
  m_CorrespondingSourceObject: {fileID: 759208223825066077, guid: e76358b1c883cda4f8b22ff2b7da0b29,
    type: 3}
  m_PrefabInstance: {fileID: 4950872374679774914}
  m_PrefabAsset: {fileID: 0}
  serializedVersion: 6
  m_Component:
  - component: {fileID: 6516268151441389241}
  m_Layer: 0
  m_Name: RightShoulder
  m_TagString: Untagged
  m_Icon: {fileID: 0}
  m_NavMeshLayer: 0
  m_StaticEditorFlags: 0
  m_IsActive: 1
--- !u!4 &6516268151441389241
Transform:
  m_ObjectHideFlags: 0
  m_CorrespondingSourceObject: {fileID: 759208223824831933, guid: e76358b1c883cda4f8b22ff2b7da0b29,
    type: 3}
  m_PrefabInstance: {fileID: 4950872374679774914}
  m_PrefabAsset: {fileID: 0}
  m_GameObject: {fileID: 3956141697190588666}
  m_LocalRotation: {x: 0.014153174, y: -0.09907273, z: -0.105786756, w: 0.9893399}
  m_LocalPosition: {x: 0.105751514, y: 0.22968692, z: -0.07332702}
  m_LocalScale: {x: 1, y: 1, z: 1}
  m_Children:
  - {fileID: 5611539531224545603}
  m_Father: {fileID: 3952914516590084908}
  m_RootOrder: 2
  m_LocalEulerAnglesHint: {x: 0, y: 0, z: 0}
--- !u!1 &4313354086607379487
GameObject:
  m_ObjectHideFlags: 0
  m_CorrespondingSourceObject: {fileID: 759208223825066465, guid: e76358b1c883cda4f8b22ff2b7da0b29,
    type: 3}
  m_PrefabInstance: {fileID: 4950872374679774914}
  m_PrefabAsset: {fileID: 0}
  serializedVersion: 6
  m_Component:
  - component: {fileID: 3986740910170951009}
  m_Layer: 0
  m_Name: LeftFoot
  m_TagString: Untagged
  m_Icon: {fileID: 0}
  m_NavMeshLayer: 0
  m_StaticEditorFlags: 0
  m_IsActive: 1
--- !u!4 &3986740910170951009
Transform:
  m_ObjectHideFlags: 0
  m_CorrespondingSourceObject: {fileID: 759208223824831937, guid: e76358b1c883cda4f8b22ff2b7da0b29,
    type: 3}
  m_PrefabInstance: {fileID: 4950872374679774914}
  m_PrefabAsset: {fileID: 0}
  m_GameObject: {fileID: 4313354086607379487}
  m_LocalRotation: {x: -0.065211006, y: -0.021172855, z: 0.016877724, w: 0.99750406}
  m_LocalPosition: {x: 0.0032518564, y: -0.5009983, z: -0.041096423}
  m_LocalScale: {x: 1, y: 1, z: 1}
  m_Children:
  - {fileID: 4290085773738220189}
  m_Father: {fileID: 4271886381380916164}
  m_RootOrder: 0
  m_LocalEulerAnglesHint: {x: 0, y: 0, z: 0}
--- !u!1 &4561946842113880526
GameObject:
  m_ObjectHideFlags: 0
  m_CorrespondingSourceObject: {fileID: 759208223825066423, guid: e76358b1c883cda4f8b22ff2b7da0b29,
    type: 3}
  m_PrefabInstance: {fileID: 4950872374679774914}
  m_PrefabAsset: {fileID: 0}
  serializedVersion: 6
  m_Component:
  - component: {fileID: 7167183065936667448}
  m_Layer: 0
  m_Name: RightHandPinky3
  m_TagString: Untagged
  m_Icon: {fileID: 0}
  m_NavMeshLayer: 0
  m_StaticEditorFlags: 0
  m_IsActive: 1
--- !u!4 &7167183065936667448
Transform:
  m_ObjectHideFlags: 0
  m_CorrespondingSourceObject: {fileID: 759208223824831895, guid: e76358b1c883cda4f8b22ff2b7da0b29,
    type: 3}
  m_PrefabInstance: {fileID: 4950872374679774914}
  m_PrefabAsset: {fileID: 0}
  m_GameObject: {fileID: 4561946842113880526}
  m_LocalRotation: {x: 0.009567426, y: 0.046743035, z: -0.60914373, w: 0.79162335}
  m_LocalPosition: {x: 0.06292784, y: -0.0000005950708, z: 0.000989046}
  m_LocalScale: {x: 1, y: 1, z: 1}
  m_Children:
  - {fileID: 2413982275636037500}
  m_Father: {fileID: 598825339820971309}
  m_RootOrder: 0
  m_LocalEulerAnglesHint: {x: 0, y: 0, z: 0}
--- !u!1 &4578435227395221412
GameObject:
  m_ObjectHideFlags: 0
  m_CorrespondingSourceObject: {fileID: 759208223825066075, guid: e76358b1c883cda4f8b22ff2b7da0b29,
    type: 3}
  m_PrefabInstance: {fileID: 4950872374679774914}
  m_PrefabAsset: {fileID: 0}
  serializedVersion: 6
  m_Component:
  - component: {fileID: 1496228309424374464}
  m_Layer: 0
  m_Name: RightLeg
  m_TagString: Untagged
  m_Icon: {fileID: 0}
  m_NavMeshLayer: 0
  m_StaticEditorFlags: 0
  m_IsActive: 1
--- !u!4 &1496228309424374464
Transform:
  m_ObjectHideFlags: 0
  m_CorrespondingSourceObject: {fileID: 759208223824831931, guid: e76358b1c883cda4f8b22ff2b7da0b29,
    type: 3}
  m_PrefabInstance: {fileID: 4950872374679774914}
  m_PrefabAsset: {fileID: 0}
  m_GameObject: {fileID: 4578435227395221412}
  m_LocalRotation: {x: 0.44378063, y: -0.06300426, z: 0.021785922, w: 0.8936524}
  m_LocalPosition: {x: 0.0032601946, y: -0.45546645, z: 0.010720811}
  m_LocalScale: {x: 1, y: 1, z: 1}
  m_Children:
  - {fileID: 8459054385908354251}
  m_Father: {fileID: 3412300187022138709}
  m_RootOrder: 0
  m_LocalEulerAnglesHint: {x: 0, y: 0, z: 0}
--- !u!1 &4714205452453466768
GameObject:
  m_ObjectHideFlags: 0
  m_CorrespondingSourceObject: {fileID: 759208223825066381, guid: e76358b1c883cda4f8b22ff2b7da0b29,
    type: 3}
  m_PrefabInstance: {fileID: 4950872374679774914}
  m_PrefabAsset: {fileID: 0}
  serializedVersion: 6
  m_Component:
  - component: {fileID: 1745888081355704328}
  m_Layer: 0
  m_Name: LeftHandPinky4
  m_TagString: Untagged
  m_Icon: {fileID: 0}
  m_NavMeshLayer: 0
  m_StaticEditorFlags: 0
  m_IsActive: 1
--- !u!4 &1745888081355704328
Transform:
  m_ObjectHideFlags: 0
  m_CorrespondingSourceObject: {fileID: 759208223824831981, guid: e76358b1c883cda4f8b22ff2b7da0b29,
    type: 3}
  m_PrefabInstance: {fileID: 4950872374679774914}
  m_PrefabAsset: {fileID: 0}
  m_GameObject: {fileID: 4714205452453466768}
  m_LocalRotation: {x: 0, y: -0, z: -0, w: 1}
  m_LocalPosition: {x: -0.18878065, y: 0.0000013536113, z: 0.0029632875}
  m_LocalScale: {x: 1, y: 1, z: 1}
  m_Children: []
  m_Father: {fileID: 5179728518225818497}
  m_RootOrder: 0
  m_LocalEulerAnglesHint: {x: 0, y: 0, z: 0}
--- !u!1 &4716359932008531091
GameObject:
  m_ObjectHideFlags: 0
  m_CorrespondingSourceObject: {fileID: 759208223825066091, guid: e76358b1c883cda4f8b22ff2b7da0b29,
    type: 3}
  m_PrefabInstance: {fileID: 4950872374679774914}
  m_PrefabAsset: {fileID: 0}
  serializedVersion: 6
  m_Component:
  - component: {fileID: 5812770342552787168}
  m_Layer: 0
  m_Name: Spine1
  m_TagString: Untagged
  m_Icon: {fileID: 0}
  m_NavMeshLayer: 0
  m_StaticEditorFlags: 0
  m_IsActive: 1
--- !u!4 &5812770342552787168
Transform:
  m_ObjectHideFlags: 0
  m_CorrespondingSourceObject: {fileID: 759208223824831563, guid: e76358b1c883cda4f8b22ff2b7da0b29,
    type: 3}
  m_PrefabInstance: {fileID: 4950872374679774914}
  m_PrefabAsset: {fileID: 0}
  m_GameObject: {fileID: 4716359932008531091}
  m_LocalRotation: {x: 0.09075675, y: -0.014183689, z: -0.017077511, w: 0.9956257}
  m_LocalPosition: {x: -3.3935527e-19, y: 0.10590714, z: -0.0039304756}
  m_LocalScale: {x: 1, y: 1, z: 1}
  m_Children:
  - {fileID: 3952914516590084908}
  m_Father: {fileID: 8660568125445719711}
  m_RootOrder: 0
  m_LocalEulerAnglesHint: {x: 0, y: 0, z: 0}
--- !u!1 &4977030381769101247
GameObject:
  m_ObjectHideFlags: 0
  m_CorrespondingSourceObject: {fileID: 759208223825066073, guid: e76358b1c883cda4f8b22ff2b7da0b29,
    type: 3}
  m_PrefabInstance: {fileID: 4950872374679774914}
  m_PrefabAsset: {fileID: 0}
  serializedVersion: 6
  m_Component:
  - component: {fileID: 2138754029292448200}
  m_Layer: 0
  m_Name: RightHandThumb4
  m_TagString: Untagged
  m_Icon: {fileID: 0}
  m_NavMeshLayer: 0
  m_StaticEditorFlags: 0
  m_IsActive: 1
--- !u!4 &2138754029292448200
Transform:
  m_ObjectHideFlags: 0
  m_CorrespondingSourceObject: {fileID: 759208223824831929, guid: e76358b1c883cda4f8b22ff2b7da0b29,
    type: 3}
  m_PrefabInstance: {fileID: 4950872374679774914}
  m_PrefabAsset: {fileID: 0}
  m_GameObject: {fileID: 4977030381769101247}
  m_LocalRotation: {x: 0, y: -0, z: -0, w: 1}
  m_LocalPosition: {x: 0.08323543, y: -0.04805604, z: 0.048055828}
  m_LocalScale: {x: 1, y: 1, z: 1}
  m_Children: []
  m_Father: {fileID: 1871285515934744712}
  m_RootOrder: 0
  m_LocalEulerAnglesHint: {x: 0, y: 0, z: 0}
--- !u!1 &5227623210021941811
GameObject:
  m_ObjectHideFlags: 0
  m_CorrespondingSourceObject: {fileID: 759208223825066489, guid: e76358b1c883cda4f8b22ff2b7da0b29,
    type: 3}
  m_PrefabInstance: {fileID: 4950872374679774914}
  m_PrefabAsset: {fileID: 0}
  serializedVersion: 6
  m_Component:
  - component: {fileID: 6750249960641364329}
  m_Layer: 0
  m_Name: LeftHandIndex2
  m_TagString: Untagged
  m_Icon: {fileID: 0}
  m_NavMeshLayer: 0
  m_StaticEditorFlags: 0
  m_IsActive: 1
--- !u!4 &6750249960641364329
Transform:
  m_ObjectHideFlags: 0
  m_CorrespondingSourceObject: {fileID: 759208223824831961, guid: e76358b1c883cda4f8b22ff2b7da0b29,
    type: 3}
  m_PrefabInstance: {fileID: 4950872374679774914}
  m_PrefabAsset: {fileID: 0}
  m_GameObject: {fileID: 5227623210021941811}
  m_LocalRotation: {x: -0.000000012305532, y: -0.07142468, z: 0.73077816, w: 0.67886806}
  m_LocalPosition: {x: -0.115082145, y: -0.000000022169205, z: -0.000000012596315}
  m_LocalScale: {x: 1, y: 1, z: 1}
  m_Children:
  - {fileID: 8886742853994536768}
  m_Father: {fileID: 6654265972549173431}
  m_RootOrder: 0
  m_LocalEulerAnglesHint: {x: 0, y: 0, z: 0}
--- !u!1 &5711299967747049083
GameObject:
  m_ObjectHideFlags: 0
  m_CorrespondingSourceObject: {fileID: 759208223825066393, guid: e76358b1c883cda4f8b22ff2b7da0b29,
    type: 3}
  m_PrefabInstance: {fileID: 4950872374679774914}
  m_PrefabAsset: {fileID: 0}
  serializedVersion: 6
  m_Component:
  - component: {fileID: 4590835479137801531}
  m_Layer: 0
  m_Name: LeftHandThumb2
  m_TagString: Untagged
  m_Icon: {fileID: 0}
  m_NavMeshLayer: 0
  m_StaticEditorFlags: 0
  m_IsActive: 1
--- !u!4 &4590835479137801531
Transform:
  m_ObjectHideFlags: 0
  m_CorrespondingSourceObject: {fileID: 759208223824831993, guid: e76358b1c883cda4f8b22ff2b7da0b29,
    type: 3}
  m_PrefabInstance: {fileID: 4950872374679774914}
  m_PrefabAsset: {fileID: 0}
  m_GameObject: {fileID: 5711299967747049083}
  m_LocalRotation: {x: 0.07862069, y: -0.27132583, z: -0.043459076, w: 0.9582862}
  m_LocalPosition: {x: -0.057487495, y: -0.033190425, z: 0.033190306}
  m_LocalScale: {x: 1, y: 1, z: 1}
  m_Children:
  - {fileID: 4794381131967821915}
  m_Father: {fileID: 4930762636098794658}
  m_RootOrder: 0
  m_LocalEulerAnglesHint: {x: 0, y: 0, z: 0}
--- !u!1 &6080164255899152022
GameObject:
  m_ObjectHideFlags: 0
  m_CorrespondingSourceObject: {fileID: 759208223825066049, guid: e76358b1c883cda4f8b22ff2b7da0b29,
    type: 3}
  m_PrefabInstance: {fileID: 4950872374679774914}
  m_PrefabAsset: {fileID: 0}
  serializedVersion: 6
  m_Component:
  - component: {fileID: 7431415839638975725}
  m_Layer: 0
  m_Name: RightHandRing4
  m_TagString: Untagged
  m_Icon: {fileID: 0}
  m_NavMeshLayer: 0
  m_StaticEditorFlags: 0
  m_IsActive: 1
--- !u!4 &7431415839638975725
Transform:
  m_ObjectHideFlags: 0
  m_CorrespondingSourceObject: {fileID: 759208223824831905, guid: e76358b1c883cda4f8b22ff2b7da0b29,
    type: 3}
  m_PrefabInstance: {fileID: 4950872374679774914}
  m_PrefabAsset: {fileID: 0}
  m_GameObject: {fileID: 6080164255899152022}
  m_LocalRotation: {x: 0, y: -0, z: -0, w: 1}
  m_LocalPosition: {x: 0.16248198, y: 0.00000030368867, z: 0.00000012221878}
  m_LocalScale: {x: 1, y: 1, z: 1}
  m_Children: []
  m_Father: {fileID: 7099823231729760260}
  m_RootOrder: 0
  m_LocalEulerAnglesHint: {x: 0, y: 0, z: 0}
--- !u!1 &6166846299206954640
GameObject:
  m_ObjectHideFlags: 0
  m_CorrespondingSourceObject: {fileID: 759208223825066079, guid: e76358b1c883cda4f8b22ff2b7da0b29,
    type: 3}
  m_PrefabInstance: {fileID: 4950872374679774914}
  m_PrefabAsset: {fileID: 0}
  serializedVersion: 6
  m_Component:
  - component: {fileID: 7259673722263558274}
  m_Layer: 0
  m_Name: RightToe_End
  m_TagString: Untagged
  m_Icon: {fileID: 0}
  m_NavMeshLayer: 0
  m_StaticEditorFlags: 0
  m_IsActive: 1
--- !u!4 &7259673722263558274
Transform:
  m_ObjectHideFlags: 0
  m_CorrespondingSourceObject: {fileID: 759208223824831935, guid: e76358b1c883cda4f8b22ff2b7da0b29,
    type: 3}
  m_PrefabInstance: {fileID: 4950872374679774914}
  m_PrefabAsset: {fileID: 0}
  m_GameObject: {fileID: 6166846299206954640}
  m_LocalRotation: {x: 0, y: -0, z: -0, w: 1}
  m_LocalPosition: {x: 0.008871707, y: -0.0016332314, z: 0.103761114}
  m_LocalScale: {x: 1, y: 1, z: 1}
  m_Children: []
  m_Father: {fileID: 5927796176438246624}
  m_RootOrder: 0
  m_LocalEulerAnglesHint: {x: 0, y: 0, z: 0}
--- !u!1 &6278869337039113503
GameObject:
  m_ObjectHideFlags: 0
  m_CorrespondingSourceObject: {fileID: 759208223825066061, guid: e76358b1c883cda4f8b22ff2b7da0b29,
    type: 3}
  m_PrefabInstance: {fileID: 4950872374679774914}
  m_PrefabAsset: {fileID: 0}
  serializedVersion: 6
  m_Component:
  - component: {fileID: 8317683658811513972}
  m_Layer: 0
  m_Name: RightHandRing2
  m_TagString: Untagged
  m_Icon: {fileID: 0}
  m_NavMeshLayer: 0
  m_StaticEditorFlags: 0
  m_IsActive: 1
--- !u!4 &8317683658811513972
Transform:
  m_ObjectHideFlags: 0
  m_CorrespondingSourceObject: {fileID: 759208223824831917, guid: e76358b1c883cda4f8b22ff2b7da0b29,
    type: 3}
  m_PrefabInstance: {fileID: 4950872374679774914}
  m_PrefabAsset: {fileID: 0}
  m_GameObject: {fileID: 6278869337039113503}
  m_LocalRotation: {x: 0.00000010177767, y: 0.046796143, z: -0.6097921, w: 0.7911787}
  m_LocalPosition: {x: 0.13684928, y: 0.00000015608536, z: 0.0000000128982185}
  m_LocalScale: {x: 1, y: 1, z: 1}
  m_Children:
  - {fileID: 7099823231729760260}
  m_Father: {fileID: 3273820798287371165}
  m_RootOrder: 0
  m_LocalEulerAnglesHint: {x: 0, y: 0, z: 0}
--- !u!1 &6366192782254346488
GameObject:
  m_ObjectHideFlags: 0
  m_CorrespondingSourceObject: {fileID: 759208223825066417, guid: e76358b1c883cda4f8b22ff2b7da0b29,
    type: 3}
  m_PrefabInstance: {fileID: 4950872374679774914}
  m_PrefabAsset: {fileID: 0}
  serializedVersion: 6
  m_Component:
  - component: {fileID: 8044804864719791576}
  m_Layer: 0
  m_Name: RightHandMiddle4
  m_TagString: Untagged
  m_Icon: {fileID: 0}
  m_NavMeshLayer: 0
  m_StaticEditorFlags: 0
  m_IsActive: 1
--- !u!4 &8044804864719791576
Transform:
  m_ObjectHideFlags: 0
  m_CorrespondingSourceObject: {fileID: 759208223824831889, guid: e76358b1c883cda4f8b22ff2b7da0b29,
    type: 3}
  m_PrefabInstance: {fileID: 4950872374679774914}
  m_PrefabAsset: {fileID: 0}
  m_GameObject: {fileID: 6366192782254346488}
  m_LocalRotation: {x: 0, y: -0, z: -0, w: 1}
  m_LocalPosition: {x: 0.20545234, y: -0.0050332462, z: 0.000004859497}
  m_LocalScale: {x: 1, y: 1, z: 1}
  m_Children: []
  m_Father: {fileID: 6225254416236049671}
  m_RootOrder: 0
  m_LocalEulerAnglesHint: {x: 0, y: 0, z: 0}
--- !u!1 &6482865434841144338
GameObject:
  m_ObjectHideFlags: 0
  m_CorrespondingSourceObject: {fileID: 759208223825066055, guid: e76358b1c883cda4f8b22ff2b7da0b29,
    type: 3}
  m_PrefabInstance: {fileID: 4950872374679774914}
  m_PrefabAsset: {fileID: 0}
  serializedVersion: 6
  m_Component:
  - component: {fileID: 1871285515934744712}
  m_Layer: 0
  m_Name: RightHandThumb3
  m_TagString: Untagged
  m_Icon: {fileID: 0}
  m_NavMeshLayer: 0
  m_StaticEditorFlags: 0
  m_IsActive: 1
--- !u!4 &1871285515934744712
Transform:
  m_ObjectHideFlags: 0
  m_CorrespondingSourceObject: {fileID: 759208223824831911, guid: e76358b1c883cda4f8b22ff2b7da0b29,
    type: 3}
  m_PrefabInstance: {fileID: 4950872374679774914}
  m_PrefabAsset: {fileID: 0}
  m_GameObject: {fileID: 6482865434841144338}
  m_LocalRotation: {x: 0.010921428, y: 0.23302792, z: 0.15339673, w: 0.9602334}
  m_LocalPosition: {x: 0.06285572, y: -0.036289778, z: 0.036289576}
  m_LocalScale: {x: 1, y: 1, z: 1}
  m_Children:
  - {fileID: 2138754029292448200}
  m_Father: {fileID: 616847090219664207}
  m_RootOrder: 0
  m_LocalEulerAnglesHint: {x: 0, y: 0, z: 0}
--- !u!1 &6511107992260342040
GameObject:
  m_ObjectHideFlags: 0
  m_CorrespondingSourceObject: {fileID: 759208223825066391, guid: e76358b1c883cda4f8b22ff2b7da0b29,
    type: 3}
  m_PrefabInstance: {fileID: 4950872374679774914}
  m_PrefabAsset: {fileID: 0}
  serializedVersion: 6
  m_Component:
  - component: {fileID: 2599371872249157525}
  m_Layer: 0
  m_Name: LeftUpLeg
  m_TagString: Untagged
  m_Icon: {fileID: 0}
  m_NavMeshLayer: 0
  m_StaticEditorFlags: 0
  m_IsActive: 1
--- !u!4 &2599371872249157525
Transform:
  m_ObjectHideFlags: 0
  m_CorrespondingSourceObject: {fileID: 759208223824831991, guid: e76358b1c883cda4f8b22ff2b7da0b29,
    type: 3}
  m_PrefabInstance: {fileID: 4950872374679774914}
  m_PrefabAsset: {fileID: 0}
  m_GameObject: {fileID: 6511107992260342040}
  m_LocalRotation: {x: -0.554943, y: -0.049681544, z: -0.060979873, w: 0.8281615}
  m_LocalPosition: {x: -0.12297485, y: -0.06742082, z: -0.010002997}
  m_LocalScale: {x: 1, y: 1, z: 1}
  m_Children:
  - {fileID: 4271886381380916164}
  m_Father: {fileID: 5803182970031566483}
  m_RootOrder: 0
  m_LocalEulerAnglesHint: {x: 0, y: 0, z: 0}
--- !u!1 &6658820764373659009
GameObject:
  m_ObjectHideFlags: 0
  m_CorrespondingSourceObject: {fileID: 7195806187862582271, guid: e76358b1c883cda4f8b22ff2b7da0b29,
    type: 3}
  m_PrefabInstance: {fileID: 4950872374679774914}
  m_PrefabAsset: {fileID: 0}
  serializedVersion: 6
  m_Component:
  - component: {fileID: 7549574733017263597}
  m_Layer: 0
  m_Name: GameObject
  m_TagString: Untagged
  m_Icon: {fileID: 0}
  m_NavMeshLayer: 0
  m_StaticEditorFlags: 0
  m_IsActive: 1
--- !u!4 &7549574733017263597
Transform:
  m_ObjectHideFlags: 0
  m_CorrespondingSourceObject: {fileID: 3097947315792216274, guid: e76358b1c883cda4f8b22ff2b7da0b29,
    type: 3}
  m_PrefabInstance: {fileID: 4950872374679774914}
  m_PrefabAsset: {fileID: 0}
  m_GameObject: {fileID: 6658820764373659009}
  m_LocalRotation: {x: 0, y: 0, z: 0, w: 1}
  m_LocalPosition: {x: 0, y: 0, z: 0}
  m_LocalScale: {x: 1, y: 1, z: 1}
  m_Children: []
  m_Father: {fileID: 277973786013888303}
  m_RootOrder: 0
  m_LocalEulerAnglesHint: {x: 0, y: 0, z: 0}
--- !u!1 &6701369466008506665
GameObject:
  m_ObjectHideFlags: 0
  m_CorrespondingSourceObject: {fileID: 759208223825066481, guid: e76358b1c883cda4f8b22ff2b7da0b29,
    type: 3}
  m_PrefabInstance: {fileID: 4950872374679774914}
  m_PrefabAsset: {fileID: 0}
  serializedVersion: 6
  m_Component:
  - component: {fileID: 2941098907465275152}
  m_Layer: 0
  m_Name: LeftHandMiddle2
  m_TagString: Untagged
  m_Icon: {fileID: 0}
  m_NavMeshLayer: 0
  m_StaticEditorFlags: 0
  m_IsActive: 1
--- !u!4 &2941098907465275152
Transform:
  m_ObjectHideFlags: 0
  m_CorrespondingSourceObject: {fileID: 759208223824831953, guid: e76358b1c883cda4f8b22ff2b7da0b29,
    type: 3}
  m_PrefabInstance: {fileID: 4950872374679774914}
  m_PrefabAsset: {fileID: 0}
  m_GameObject: {fileID: 6701369466008506665}
  m_LocalRotation: {x: -0.010366098, y: -0.061787058, z: 0.7306977, w: 0.6798204}
  m_LocalPosition: {x: -0.12627529, y: 0.0000000712789, z: -0.00000013460986}
  m_LocalScale: {x: 1, y: 1, z: 1}
  m_Children:
  - {fileID: 5512561273245252242}
  m_Father: {fileID: 7821864199245672163}
  m_RootOrder: 0
  m_LocalEulerAnglesHint: {x: 0, y: 0, z: 0}
--- !u!1 &6807685193193111411
GameObject:
  m_ObjectHideFlags: 0
  m_CorrespondingSourceObject: {fileID: 759208223825066409, guid: e76358b1c883cda4f8b22ff2b7da0b29,
    type: 3}
  m_PrefabInstance: {fileID: 4950872374679774914}
  m_PrefabAsset: {fileID: 0}
  serializedVersion: 6
  m_Component:
  - component: {fileID: 4837709214027634737}
  m_Layer: 0
  m_Name: Neck
  m_TagString: Untagged
  m_Icon: {fileID: 0}
  m_NavMeshLayer: 0
  m_StaticEditorFlags: 0
  m_IsActive: 1
--- !u!4 &4837709214027634737
Transform:
  m_ObjectHideFlags: 0
  m_CorrespondingSourceObject: {fileID: 759208223824831881, guid: e76358b1c883cda4f8b22ff2b7da0b29,
    type: 3}
  m_PrefabInstance: {fileID: 4950872374679774914}
  m_PrefabAsset: {fileID: 0}
  m_GameObject: {fileID: 6807685193193111411}
  m_LocalRotation: {x: -0.11425773, y: 0.011037683, z: 0.0028284492, w: 0.9933858}
  m_LocalPosition: {x: 0.0000039622746, y: 0.262237, z: -0.044652976}
  m_LocalScale: {x: 1, y: 1, z: 1}
  m_Children:
  - {fileID: 4272414784132316180}
  m_Father: {fileID: 3952914516590084908}
  m_RootOrder: 1
  m_LocalEulerAnglesHint: {x: 0, y: 0, z: 0}
--- !u!1 &6896570520624987978
GameObject:
  m_ObjectHideFlags: 0
  m_CorrespondingSourceObject: {fileID: 759208223825066395, guid: e76358b1c883cda4f8b22ff2b7da0b29,
    type: 3}
  m_PrefabInstance: {fileID: 4950872374679774914}
  m_PrefabAsset: {fileID: 0}
  serializedVersion: 6
  m_Component:
  - component: {fileID: 4794381131967821915}
  m_Layer: 0
  m_Name: LeftHandThumb3
  m_TagString: Untagged
  m_Icon: {fileID: 0}
  m_NavMeshLayer: 0
  m_StaticEditorFlags: 0
  m_IsActive: 1
--- !u!4 &4794381131967821915
Transform:
  m_ObjectHideFlags: 0
  m_CorrespondingSourceObject: {fileID: 759208223824831995, guid: e76358b1c883cda4f8b22ff2b7da0b29,
    type: 3}
  m_PrefabInstance: {fileID: 4950872374679774914}
  m_PrefabAsset: {fileID: 0}
  m_GameObject: {fileID: 6896570520624987978}
  m_LocalRotation: {x: 0.021967083, y: -0.29418513, z: -0.16619137, w: 0.940932}
  m_LocalPosition: {x: -0.06285572, y: -0.036289774, z: 0.03628958}
  m_LocalScale: {x: 1, y: 1, z: 1}
  m_Children:
  - {fileID: 644901800790463392}
  m_Father: {fileID: 4590835479137801531}
  m_RootOrder: 0
  m_LocalEulerAnglesHint: {x: 0, y: 0, z: 0}
--- !u!1 &6951788396799084641
GameObject:
  m_ObjectHideFlags: 0
  m_CorrespondingSourceObject: {fileID: 759208223825066401, guid: e76358b1c883cda4f8b22ff2b7da0b29,
    type: 3}
  m_PrefabInstance: {fileID: 4950872374679774914}
  m_PrefabAsset: {fileID: 0}
  serializedVersion: 6
  m_Component:
  - component: {fileID: 1190655670105727378}
  m_Layer: 0
  m_Name: RightHand
  m_TagString: Untagged
  m_Icon: {fileID: 0}
  m_NavMeshLayer: 0
  m_StaticEditorFlags: 0
  m_IsActive: 1
--- !u!4 &1190655670105727378
Transform:
  m_ObjectHideFlags: 0
  m_CorrespondingSourceObject: {fileID: 759208223824831873, guid: e76358b1c883cda4f8b22ff2b7da0b29,
    type: 3}
  m_PrefabInstance: {fileID: 4950872374679774914}
  m_PrefabAsset: {fileID: 0}
  m_GameObject: {fileID: 6951788396799084641}
  m_LocalRotation: {x: 0.27994063, y: -0.1356804, z: 0.18740276, w: 0.93172115}
  m_LocalPosition: {x: 0.31650582, y: 0.00000029109017, z: 0.000000028892897}
  m_LocalScale: {x: 1, y: 1, z: 1}
  m_Children:
  - {fileID: 6716581438334109054}
  - {fileID: 1872126936671743596}
  - {fileID: 1675970153248461100}
  - {fileID: 3273820798287371165}
  - {fileID: 1635713441968715154}
  m_Father: {fileID: 3520436300786701328}
  m_RootOrder: 0
  m_LocalEulerAnglesHint: {x: 0, y: 0, z: 0}
--- !u!1 &6979875081967481751
GameObject:
  m_ObjectHideFlags: 0
  m_CorrespondingSourceObject: {fileID: 759208223825066375, guid: e76358b1c883cda4f8b22ff2b7da0b29,
    type: 3}
  m_PrefabInstance: {fileID: 4950872374679774914}
  m_PrefabAsset: {fileID: 0}
  serializedVersion: 6
  m_Component:
  - component: {fileID: 4930762636098794658}
  m_Layer: 0
  m_Name: LeftHandThumb1
  m_TagString: Untagged
  m_Icon: {fileID: 0}
  m_NavMeshLayer: 0
  m_StaticEditorFlags: 0
  m_IsActive: 1
--- !u!4 &4930762636098794658
Transform:
  m_ObjectHideFlags: 0
  m_CorrespondingSourceObject: {fileID: 759208223824831975, guid: e76358b1c883cda4f8b22ff2b7da0b29,
    type: 3}
  m_PrefabInstance: {fileID: 4950872374679774914}
  m_PrefabAsset: {fileID: 0}
  m_GameObject: {fileID: 6979875081967481751}
  m_LocalRotation: {x: 0.065869875, y: 0.05756342, z: 0.06699967, w: 0.9939108}
  m_LocalPosition: {x: -0.062235206, y: -0.10555903, z: 0.03948983}
  m_LocalScale: {x: 1, y: 1, z: 1}
  m_Children:
  - {fileID: 4590835479137801531}
  m_Father: {fileID: 8564057521586115016}
  m_RootOrder: 4
  m_LocalEulerAnglesHint: {x: 0, y: 0, z: 0}
--- !u!1 &7074933004703174802
GameObject:
  m_ObjectHideFlags: 0
  m_CorrespondingSourceObject: {fileID: 759208223825066427, guid: e76358b1c883cda4f8b22ff2b7da0b29,
    type: 3}
  m_PrefabInstance: {fileID: 4950872374679774914}
  m_PrefabAsset: {fileID: 0}
  serializedVersion: 6
  m_Component:
  - component: {fileID: 1872126936671743596}
  m_Layer: 0
  m_Name: RightHandMiddle1
  m_TagString: Untagged
  m_Icon: {fileID: 0}
  m_NavMeshLayer: 0
  m_StaticEditorFlags: 0
  m_IsActive: 1
--- !u!4 &1872126936671743596
Transform:
  m_ObjectHideFlags: 0
  m_CorrespondingSourceObject: {fileID: 759208223824831899, guid: e76358b1c883cda4f8b22ff2b7da0b29,
    type: 3}
  m_PrefabInstance: {fileID: 4950872374679774914}
  m_PrefabAsset: {fileID: 0}
  m_GameObject: {fileID: 7074933004703174802}
  m_LocalRotation: {x: -0.014039695, y: 0.020333122, z: -0.32358062, w: 0.9458779}
  m_LocalPosition: {x: 0.21747407, y: 0.00000014144689, z: -0.00000005161929}
  m_LocalScale: {x: 1, y: 1, z: 1}
  m_Children:
  - {fileID: 1302553282544874607}
  m_Father: {fileID: 1190655670105727378}
  m_RootOrder: 1
  m_LocalEulerAnglesHint: {x: 0, y: 0, z: 0}
--- !u!1 &7219419845832462276
GameObject:
  m_ObjectHideFlags: 0
  m_CorrespondingSourceObject: {fileID: 759208223825066065, guid: e76358b1c883cda4f8b22ff2b7da0b29,
    type: 3}
  m_PrefabInstance: {fileID: 4950872374679774914}
  m_PrefabAsset: {fileID: 0}
  serializedVersion: 6
  m_Component:
  - component: {fileID: 5927796176438246624}
  m_Layer: 0
  m_Name: RightToeBase
  m_TagString: Untagged
  m_Icon: {fileID: 0}
  m_NavMeshLayer: 0
  m_StaticEditorFlags: 0
  m_IsActive: 1
--- !u!4 &5927796176438246624
Transform:
  m_ObjectHideFlags: 0
  m_CorrespondingSourceObject: {fileID: 759208223824831921, guid: e76358b1c883cda4f8b22ff2b7da0b29,
    type: 3}
  m_PrefabInstance: {fileID: 4950872374679774914}
  m_PrefabAsset: {fileID: 0}
  m_GameObject: {fileID: 7219419845832462276}
  m_LocalRotation: {x: 0.0066977916, y: -0.00000015331486, z: 0.0000005449756, w: 0.9999776}
  m_LocalPosition: {x: 0.02476228, y: -0.12897043, z: 0.19949333}
  m_LocalScale: {x: 1, y: 1, z: 1}
  m_Children:
  - {fileID: 7259673722263558274}
  m_Father: {fileID: 8459054385908354251}
  m_RootOrder: 0
  m_LocalEulerAnglesHint: {x: 0, y: 0, z: 0}
--- !u!1 &7348751350091320847
GameObject:
  m_ObjectHideFlags: 0
  m_CorrespondingSourceObject: {fileID: 759208223825066411, guid: e76358b1c883cda4f8b22ff2b7da0b29,
    type: 3}
  m_PrefabInstance: {fileID: 4950872374679774914}
  m_PrefabAsset: {fileID: 0}
  serializedVersion: 6
  m_Component:
  - component: {fileID: 5611539531224545603}
  m_Layer: 0
  m_Name: RightArm
  m_TagString: Untagged
  m_Icon: {fileID: 0}
  m_NavMeshLayer: 0
  m_StaticEditorFlags: 0
  m_IsActive: 1
--- !u!4 &5611539531224545603
Transform:
  m_ObjectHideFlags: 0
  m_CorrespondingSourceObject: {fileID: 759208223824831883, guid: e76358b1c883cda4f8b22ff2b7da0b29,
    type: 3}
  m_PrefabInstance: {fileID: 4950872374679774914}
  m_PrefabAsset: {fileID: 0}
  m_GameObject: {fileID: 7348751350091320847}
  m_LocalRotation: {x: -0.19293356, y: -0.17821999, z: -0.4251791, w: 0.86616224}
  m_LocalPosition: {x: 0.14921865, y: -0.04648446, z: -0.031282783}
  m_LocalScale: {x: 1, y: 1, z: 1}
  m_Children:
  - {fileID: 3520436300786701328}
  m_Father: {fileID: 6516268151441389241}
  m_RootOrder: 0
  m_LocalEulerAnglesHint: {x: 0, y: 0, z: 0}
--- !u!1 &7404131305446468482
GameObject:
  m_ObjectHideFlags: 0
  m_CorrespondingSourceObject: {fileID: 759208223825066407, guid: e76358b1c883cda4f8b22ff2b7da0b29,
    type: 3}
  m_PrefabInstance: {fileID: 4950872374679774914}
  m_PrefabAsset: {fileID: 0}
  serializedVersion: 6
  m_Component:
  - component: {fileID: 1810349249006775791}
  m_Layer: 0
  m_Name: RightHandIndex3
  m_TagString: Untagged
  m_Icon: {fileID: 0}
  m_NavMeshLayer: 0
  m_StaticEditorFlags: 0
  m_IsActive: 1
--- !u!4 &1810349249006775791
Transform:
  m_ObjectHideFlags: 0
  m_CorrespondingSourceObject: {fileID: 759208223824831879, guid: e76358b1c883cda4f8b22ff2b7da0b29,
    type: 3}
  m_PrefabInstance: {fileID: 4950872374679774914}
  m_PrefabAsset: {fileID: 0}
  m_GameObject: {fileID: 7404131305446468482}
  m_LocalRotation: {x: 0.00000011180737, y: 0.04675224, z: -0.6092205, w: 0.7916215}
  m_LocalPosition: {x: 0.113094345, y: -0.0000000012778636, z: -0.00000008215057}
  m_LocalScale: {x: 1, y: 1, z: 1}
  m_Children:
  - {fileID: 1030089431597078034}
  m_Father: {fileID: 2942896529850465372}
  m_RootOrder: 0
  m_LocalEulerAnglesHint: {x: 0, y: 0, z: 0}
--- !u!1 &7612048763226259850
GameObject:
  m_ObjectHideFlags: 0
  m_CorrespondingSourceObject: {fileID: 759208223825066389, guid: e76358b1c883cda4f8b22ff2b7da0b29,
    type: 3}
  m_PrefabInstance: {fileID: 4950872374679774914}
  m_PrefabAsset: {fileID: 0}
  serializedVersion: 6
  m_Component:
  - component: {fileID: 4290085773738220189}
  m_Layer: 0
  m_Name: LeftToeBase
  m_TagString: Untagged
  m_Icon: {fileID: 0}
  m_NavMeshLayer: 0
  m_StaticEditorFlags: 0
  m_IsActive: 1
--- !u!4 &4290085773738220189
Transform:
  m_ObjectHideFlags: 0
  m_CorrespondingSourceObject: {fileID: 759208223824831989, guid: e76358b1c883cda4f8b22ff2b7da0b29,
    type: 3}
  m_PrefabInstance: {fileID: 4950872374679774914}
  m_PrefabAsset: {fileID: 0}
  m_GameObject: {fileID: 7612048763226259850}
  m_LocalRotation: {x: -0.098610155, y: -0.00000006167384, z: -0.00000003277791, w: 0.9951261}
  m_LocalPosition: {x: -0.024762282, y: -0.12897046, z: 0.1994933}
  m_LocalScale: {x: 1, y: 1, z: 1}
  m_Children:
  - {fileID: 8694755034142465881}
  m_Father: {fileID: 3986740910170951009}
  m_RootOrder: 0
  m_LocalEulerAnglesHint: {x: 0, y: 0, z: 0}
--- !u!1 &7795242910168429577
GameObject:
  m_ObjectHideFlags: 0
  m_CorrespondingSourceObject: {fileID: 759208223825066469, guid: e76358b1c883cda4f8b22ff2b7da0b29,
    type: 3}
  m_PrefabInstance: {fileID: 4950872374679774914}
  m_PrefabAsset: {fileID: 0}
  serializedVersion: 6
  m_Component:
  - component: {fileID: 8564057521586115016}
  m_Layer: 0
  m_Name: LeftHand
  m_TagString: Untagged
  m_Icon: {fileID: 0}
  m_NavMeshLayer: 0
  m_StaticEditorFlags: 0
  m_IsActive: 1
--- !u!4 &8564057521586115016
Transform:
  m_ObjectHideFlags: 0
  m_CorrespondingSourceObject: {fileID: 759208223824831941, guid: e76358b1c883cda4f8b22ff2b7da0b29,
    type: 3}
  m_PrefabInstance: {fileID: 4950872374679774914}
  m_PrefabAsset: {fileID: 0}
  m_GameObject: {fileID: 7795242910168429577}
  m_LocalRotation: {x: -0.12125961, y: 0.058038607, z: 0.08399269, w: 0.98735654}
  m_LocalPosition: {x: -0.31650582, y: 0.00000029109017, z: 0.000000028820404}
  m_LocalScale: {x: 1, y: 1, z: 1}
  m_Children:
  - {fileID: 6654265972549173431}
  - {fileID: 7821864199245672163}
  - {fileID: 8205982218140482899}
  - {fileID: 1069417530276845449}
  - {fileID: 4930762636098794658}
  m_Father: {fileID: 2007329178831614283}
  m_RootOrder: 0
  m_LocalEulerAnglesHint: {x: 0, y: 0, z: 0}
--- !u!1 &8018487889878224370
GameObject:
  m_ObjectHideFlags: 0
  m_CorrespondingSourceObject: {fileID: 759208223825066053, guid: e76358b1c883cda4f8b22ff2b7da0b29,
    type: 3}
  m_PrefabInstance: {fileID: 4950872374679774914}
  m_PrefabAsset: {fileID: 0}
  serializedVersion: 6
  m_Component:
  - component: {fileID: 616847090219664207}
  m_Layer: 0
  m_Name: RightHandThumb2
  m_TagString: Untagged
  m_Icon: {fileID: 0}
  m_NavMeshLayer: 0
  m_StaticEditorFlags: 0
  m_IsActive: 1
--- !u!4 &616847090219664207
Transform:
  m_ObjectHideFlags: 0
  m_CorrespondingSourceObject: {fileID: 759208223824831909, guid: e76358b1c883cda4f8b22ff2b7da0b29,
    type: 3}
  m_PrefabInstance: {fileID: 4950872374679774914}
  m_PrefabAsset: {fileID: 0}
  m_GameObject: {fileID: 8018487889878224370}
  m_LocalRotation: {x: 0.06779475, y: 0.19457616, z: 0.035466682, w: 0.97789884}
  m_LocalPosition: {x: 0.057487495, y: -0.033190425, z: 0.033190306}
  m_LocalScale: {x: 1, y: 1, z: 1}
  m_Children:
  - {fileID: 1871285515934744712}
  m_Father: {fileID: 1635713441968715154}
  m_RootOrder: 0
  m_LocalEulerAnglesHint: {x: 0, y: 0, z: 0}
--- !u!1 &8066166568598541687
GameObject:
  m_ObjectHideFlags: 0
  m_CorrespondingSourceObject: {fileID: 759208223825066051, guid: e76358b1c883cda4f8b22ff2b7da0b29,
    type: 3}
  m_PrefabInstance: {fileID: 4950872374679774914}
  m_PrefabAsset: {fileID: 0}
  serializedVersion: 6
  m_Component:
  - component: {fileID: 1635713441968715154}
  m_Layer: 0
  m_Name: RightHandThumb1
  m_TagString: Untagged
  m_Icon: {fileID: 0}
  m_NavMeshLayer: 0
  m_StaticEditorFlags: 0
  m_IsActive: 1
--- !u!4 &1635713441968715154
Transform:
  m_ObjectHideFlags: 0
  m_CorrespondingSourceObject: {fileID: 759208223824831907, guid: e76358b1c883cda4f8b22ff2b7da0b29,
    type: 3}
  m_PrefabInstance: {fileID: 4950872374679774914}
  m_PrefabAsset: {fileID: 0}
  m_GameObject: {fileID: 8066166568598541687}
  m_LocalRotation: {x: -0.06270224, y: 0.0054630185, z: -0.040461097, w: 0.9971968}
  m_LocalPosition: {x: 0.062235206, y: -0.10555903, z: 0.03948983}
  m_LocalScale: {x: 1, y: 1, z: 1}
  m_Children:
  - {fileID: 616847090219664207}
  m_Father: {fileID: 1190655670105727378}
  m_RootOrder: 4
  m_LocalEulerAnglesHint: {x: 0, y: 0, z: 0}
--- !u!1 &8177585514555201261
GameObject:
  m_ObjectHideFlags: 0
  m_CorrespondingSourceObject: {fileID: 759208223825066483, guid: e76358b1c883cda4f8b22ff2b7da0b29,
    type: 3}
  m_PrefabInstance: {fileID: 4950872374679774914}
  m_PrefabAsset: {fileID: 0}
  serializedVersion: 6
  m_Component:
  - component: {fileID: 5512561273245252242}
  m_Layer: 0
  m_Name: LeftHandMiddle3
  m_TagString: Untagged
  m_Icon: {fileID: 0}
  m_NavMeshLayer: 0
  m_StaticEditorFlags: 0
  m_IsActive: 1
--- !u!4 &5512561273245252242
Transform:
  m_ObjectHideFlags: 0
  m_CorrespondingSourceObject: {fileID: 759208223824831955, guid: e76358b1c883cda4f8b22ff2b7da0b29,
    type: 3}
  m_PrefabInstance: {fileID: 4950872374679774914}
  m_PrefabAsset: {fileID: 0}
  m_GameObject: {fileID: 8177585514555201261}
  m_LocalRotation: {x: -0.005834863, y: -0.05872624, z: 0.4623374, w: 0.884738}
  m_LocalPosition: {x: -0.14492217, y: -0.0000027651347, z: -0.0041129324}
  m_LocalScale: {x: 1, y: 1, z: 1}
  m_Children:
  - {fileID: 6542194120196498434}
  m_Father: {fileID: 2941098907465275152}
  m_RootOrder: 0
  m_LocalEulerAnglesHint: {x: 0, y: 0, z: 0}
--- !u!1 &8233822679889309803
GameObject:
  m_ObjectHideFlags: 0
  m_CorrespondingSourceObject: {fileID: 759208223825066369, guid: e76358b1c883cda4f8b22ff2b7da0b29,
    type: 3}
  m_PrefabInstance: {fileID: 4950872374679774914}
  m_PrefabAsset: {fileID: 0}
  serializedVersion: 6
  m_Component:
  - component: {fileID: 9121143288737991034}
  m_Layer: 0
  m_Name: LeftHandRing2
  m_TagString: Untagged
  m_Icon: {fileID: 0}
  m_NavMeshLayer: 0
  m_StaticEditorFlags: 0
  m_IsActive: 1
--- !u!4 &9121143288737991034
Transform:
  m_ObjectHideFlags: 0
  m_CorrespondingSourceObject: {fileID: 759208223824831969, guid: e76358b1c883cda4f8b22ff2b7da0b29,
    type: 3}
  m_PrefabInstance: {fileID: 4950872374679774914}
  m_PrefabAsset: {fileID: 0}
  m_GameObject: {fileID: 8233822679889309803}
  m_LocalRotation: {x: -0.000000015095049, y: -0.07145525, z: 0.7310909, w: 0.678528}
  m_LocalPosition: {x: -0.13684928, y: 0.00000015608536, z: 0.000000012866874}
  m_LocalScale: {x: 1, y: 1, z: 1}
  m_Children:
  - {fileID: 6778213365868314309}
  m_Father: {fileID: 1069417530276845449}
  m_RootOrder: 0
  m_LocalEulerAnglesHint: {x: 0, y: 0, z: 0}
--- !u!1 &8420001004681727791
GameObject:
  m_ObjectHideFlags: 0
  m_CorrespondingSourceObject: {fileID: 759208223825066415, guid: e76358b1c883cda4f8b22ff2b7da0b29,
    type: 3}
  m_PrefabInstance: {fileID: 4950872374679774914}
  m_PrefabAsset: {fileID: 0}
  serializedVersion: 6
  m_Component:
  - component: {fileID: 3520436300786701328}
  m_Layer: 0
  m_Name: RightForeArm
  m_TagString: Untagged
  m_Icon: {fileID: 0}
  m_NavMeshLayer: 0
  m_StaticEditorFlags: 0
  m_IsActive: 1
--- !u!4 &3520436300786701328
Transform:
  m_ObjectHideFlags: 0
  m_CorrespondingSourceObject: {fileID: 759208223824831887, guid: e76358b1c883cda4f8b22ff2b7da0b29,
    type: 3}
  m_PrefabInstance: {fileID: 4950872374679774914}
  m_PrefabAsset: {fileID: 0}
  m_GameObject: {fileID: 8420001004681727791}
  m_LocalRotation: {x: 0.00000005087253, y: -0.56036514, z: -0.000000025016135, w: 0.82824576}
  m_LocalPosition: {x: 0.24149026, y: 0.0000004967725, z: 0.00000017292781}
  m_LocalScale: {x: 1, y: 1, z: 1}
  m_Children:
  - {fileID: 1190655670105727378}
  m_Father: {fileID: 5611539531224545603}
  m_RootOrder: 0
  m_LocalEulerAnglesHint: {x: 0, y: 0, z: 0}
--- !u!1 &8484235436255003073
GameObject:
  m_ObjectHideFlags: 0
  m_CorrespondingSourceObject: {fileID: 759208223825066387, guid: e76358b1c883cda4f8b22ff2b7da0b29,
    type: 3}
  m_PrefabInstance: {fileID: 4950872374679774914}
  m_PrefabAsset: {fileID: 0}
  serializedVersion: 6
  m_Component:
  - component: {fileID: 8694755034142465881}
  m_Layer: 0
  m_Name: LeftToe_End
  m_TagString: Untagged
  m_Icon: {fileID: 0}
  m_NavMeshLayer: 0
  m_StaticEditorFlags: 0
  m_IsActive: 1
--- !u!4 &8694755034142465881
Transform:
  m_ObjectHideFlags: 0
  m_CorrespondingSourceObject: {fileID: 759208223824831987, guid: e76358b1c883cda4f8b22ff2b7da0b29,
    type: 3}
  m_PrefabInstance: {fileID: 4950872374679774914}
  m_PrefabAsset: {fileID: 0}
  m_GameObject: {fileID: 8484235436255003073}
  m_LocalRotation: {x: 0, y: -0, z: -0, w: 1}
  m_LocalPosition: {x: -0.008871708, y: -0.0016332424, z: 0.103761114}
  m_LocalScale: {x: 1, y: 1, z: 1}
  m_Children: []
  m_Father: {fileID: 4290085773738220189}
  m_RootOrder: 0
  m_LocalEulerAnglesHint: {x: 0, y: 0, z: 0}
--- !u!1 &8883122552581969758
GameObject:
  m_ObjectHideFlags: 0
  m_CorrespondingSourceObject: {fileID: 759208223825066485, guid: e76358b1c883cda4f8b22ff2b7da0b29,
    type: 3}
  m_PrefabInstance: {fileID: 4950872374679774914}
  m_PrefabAsset: {fileID: 0}
  serializedVersion: 6
  m_Component:
  - component: {fileID: 6542194120196498434}
  m_Layer: 0
  m_Name: LeftHandMiddle4
  m_TagString: Untagged
  m_Icon: {fileID: 0}
  m_NavMeshLayer: 0
  m_StaticEditorFlags: 0
  m_IsActive: 1
--- !u!4 &6542194120196498434
Transform:
  m_ObjectHideFlags: 0
  m_CorrespondingSourceObject: {fileID: 759208223824831957, guid: e76358b1c883cda4f8b22ff2b7da0b29,
    type: 3}
  m_PrefabInstance: {fileID: 4950872374679774914}
  m_PrefabAsset: {fileID: 0}
  m_GameObject: {fileID: 8883122552581969758}
  m_LocalRotation: {x: 0, y: -0, z: -0, w: 1}
  m_LocalPosition: {x: -0.20545234, y: -0.0050332416, z: 0.0000048566963}
  m_LocalScale: {x: 1, y: 1, z: 1}
  m_Children: []
  m_Father: {fileID: 5512561273245252242}
  m_RootOrder: 0
  m_LocalEulerAnglesHint: {x: 0, y: 0, z: 0}
--- !u!1 &8921468094575153851
GameObject:
  m_ObjectHideFlags: 0
  m_CorrespondingSourceObject: {fileID: 0}
  m_PrefabInstance: {fileID: 0}
  m_PrefabAsset: {fileID: 0}
  serializedVersion: 6
  m_Component:
  - component: {fileID: 2322308806464597629}
  m_Layer: 0
  m_Name: BossPrefab
  m_TagString: Untagged
  m_Icon: {fileID: 0}
  m_NavMeshLayer: 0
  m_StaticEditorFlags: 0
  m_IsActive: 1
--- !u!4 &2322308806464597629
Transform:
  m_ObjectHideFlags: 0
  m_CorrespondingSourceObject: {fileID: 0}
  m_PrefabInstance: {fileID: 0}
  m_PrefabAsset: {fileID: 0}
  m_GameObject: {fileID: 8921468094575153851}
  m_LocalRotation: {x: -0, y: -0, z: -0, w: 1}
  m_LocalPosition: {x: 0, y: 1, z: -10}
  m_LocalScale: {x: 1, y: 1, z: 1}
  m_Children:
  - {fileID: 277973786013888303}
  m_Father: {fileID: 0}
  m_RootOrder: 0
  m_LocalEulerAnglesHint: {x: 0, y: 0, z: 0}
--- !u!1 &8931017285454540217
GameObject:
  m_ObjectHideFlags: 0
  m_CorrespondingSourceObject: {fileID: 759208223825066421, guid: e76358b1c883cda4f8b22ff2b7da0b29,
    type: 3}
  m_PrefabInstance: {fileID: 4950872374679774914}
  m_PrefabAsset: {fileID: 0}
  serializedVersion: 6
  m_Component:
  - component: {fileID: 598825339820971309}
  m_Layer: 0
  m_Name: RightHandPinky2
  m_TagString: Untagged
  m_Icon: {fileID: 0}
  m_NavMeshLayer: 0
  m_StaticEditorFlags: 0
  m_IsActive: 1
--- !u!4 &598825339820971309
Transform:
  m_ObjectHideFlags: 0
  m_CorrespondingSourceObject: {fileID: 759208223824831893, guid: e76358b1c883cda4f8b22ff2b7da0b29,
    type: 3}
  m_PrefabInstance: {fileID: 4950872374679774914}
  m_PrefabAsset: {fileID: 0}
  m_GameObject: {fileID: 8931017285454540217}
  m_LocalRotation: {x: 0.0047873356, y: 0.052970156, z: -0.6091855, w: 0.79124224}
  m_LocalPosition: {x: 0.14598975, y: 0.00000007094986, z: 0.000000032062076}
  m_LocalScale: {x: 1, y: 1, z: 1}
  m_Children:
  - {fileID: 7167183065936667448}
  m_Father: {fileID: 1675970153248461100}
  m_RootOrder: 0
  m_LocalEulerAnglesHint: {x: 0, y: 0, z: 0}
--- !u!1 &9016235331533320387
GameObject:
  m_ObjectHideFlags: 0
  m_CorrespondingSourceObject: {fileID: 759208223825066477, guid: e76358b1c883cda4f8b22ff2b7da0b29,
    type: 3}
  m_PrefabInstance: {fileID: 4950872374679774914}
  m_PrefabAsset: {fileID: 0}
  serializedVersion: 6
  m_Component:
  - component: {fileID: 5803182970031566483}
  m_Layer: 0
  m_Name: Hips
  m_TagString: Untagged
  m_Icon: {fileID: 0}
  m_NavMeshLayer: 0
  m_StaticEditorFlags: 0
  m_IsActive: 1
--- !u!4 &5803182970031566483
Transform:
  m_ObjectHideFlags: 0
  m_CorrespondingSourceObject: {fileID: 759208223824831949, guid: e76358b1c883cda4f8b22ff2b7da0b29,
    type: 3}
  m_PrefabInstance: {fileID: 4950872374679774914}
  m_PrefabAsset: {fileID: 0}
  m_GameObject: {fileID: 9016235331533320387}
  m_LocalRotation: {x: 0.27207938, y: -0.057284202, z: -0.029635472, w: 0.96011096}
  m_LocalPosition: {x: -0.006683407, y: 1.0394373, z: 0.021901896}
  m_LocalScale: {x: 1, y: 1, z: 1}
  m_Children:
  - {fileID: 2599371872249157525}
  - {fileID: 3412300187022138709}
  - {fileID: 8660568125445719711}
  m_Father: {fileID: 277973786013888303}
  m_RootOrder: 1
  m_LocalEulerAnglesHint: {x: 0, y: 0, z: 0}
--- !u!1 &9127397059596717215
GameObject:
  m_ObjectHideFlags: 0
  m_CorrespondingSourceObject: {fileID: 759208223825066405, guid: e76358b1c883cda4f8b22ff2b7da0b29,
    type: 3}
  m_PrefabInstance: {fileID: 4950872374679774914}
  m_PrefabAsset: {fileID: 0}
  serializedVersion: 6
  m_Component:
  - component: {fileID: 2942896529850465372}
  m_Layer: 0
  m_Name: RightHandIndex2
  m_TagString: Untagged
  m_Icon: {fileID: 0}
  m_NavMeshLayer: 0
  m_StaticEditorFlags: 0
  m_IsActive: 1
--- !u!4 &2942896529850465372
Transform:
  m_ObjectHideFlags: 0
  m_CorrespondingSourceObject: {fileID: 759208223824831877, guid: e76358b1c883cda4f8b22ff2b7da0b29,
    type: 3}
  m_PrefabInstance: {fileID: 4950872374679774914}
  m_PrefabAsset: {fileID: 0}
  m_GameObject: {fileID: 9127397059596717215}
  m_LocalRotation: {x: -0.00000008304742, y: 0.046864588, z: -0.6106861, w: 0.7904848}
  m_LocalPosition: {x: 0.115082145, y: -0.000000022169205, z: -0.000000012569956}
  m_LocalScale: {x: 1, y: 1, z: 1}
  m_Children:
  - {fileID: 1810349249006775791}
  m_Father: {fileID: 6716581438334109054}
  m_RootOrder: 0
  m_LocalEulerAnglesHint: {x: 0, y: 0, z: 0}
--- !u!1001 &4950872374679774914
PrefabInstance:
  m_ObjectHideFlags: 0
  serializedVersion: 2
  m_Modification:
    m_TransformParent: {fileID: 2322308806464597629}
    m_Modifications:
    - target: {fileID: 759208223825066071, guid: e76358b1c883cda4f8b22ff2b7da0b29,
        type: 3}
      propertyPath: m_Name
      value: Boss
      objectReference: {fileID: 0}
    - target: {fileID: 759208223824831927, guid: e76358b1c883cda4f8b22ff2b7da0b29,
        type: 3}
      propertyPath: m_LocalPosition.x
      value: 861.2767
      objectReference: {fileID: 0}
    - target: {fileID: 759208223824831927, guid: e76358b1c883cda4f8b22ff2b7da0b29,
        type: 3}
      propertyPath: m_LocalPosition.y
      value: 569
      objectReference: {fileID: 0}
    - target: {fileID: 759208223824831927, guid: e76358b1c883cda4f8b22ff2b7da0b29,
        type: 3}
      propertyPath: m_LocalPosition.z
      value: 210.85762
      objectReference: {fileID: 0}
    - target: {fileID: 759208223824831927, guid: e76358b1c883cda4f8b22ff2b7da0b29,
        type: 3}
      propertyPath: m_LocalRotation.x
      value: -0
      objectReference: {fileID: 0}
    - target: {fileID: 759208223824831927, guid: e76358b1c883cda4f8b22ff2b7da0b29,
        type: 3}
      propertyPath: m_LocalRotation.y
      value: -0
      objectReference: {fileID: 0}
    - target: {fileID: 759208223824831927, guid: e76358b1c883cda4f8b22ff2b7da0b29,
        type: 3}
      propertyPath: m_LocalRotation.z
      value: -0
      objectReference: {fileID: 0}
    - target: {fileID: 759208223824831927, guid: e76358b1c883cda4f8b22ff2b7da0b29,
        type: 3}
      propertyPath: m_LocalRotation.w
      value: 1
      objectReference: {fileID: 0}
    - target: {fileID: 759208223824831927, guid: e76358b1c883cda4f8b22ff2b7da0b29,
        type: 3}
      propertyPath: m_RootOrder
      value: 0
      objectReference: {fileID: 0}
    - target: {fileID: 759208223824831927, guid: e76358b1c883cda4f8b22ff2b7da0b29,
        type: 3}
      propertyPath: m_LocalEulerAnglesHint.x
      value: 0
      objectReference: {fileID: 0}
    - target: {fileID: 759208223824831927, guid: e76358b1c883cda4f8b22ff2b7da0b29,
        type: 3}
      propertyPath: m_LocalEulerAnglesHint.y
      value: 0
      objectReference: {fileID: 0}
    - target: {fileID: 759208223824831927, guid: e76358b1c883cda4f8b22ff2b7da0b29,
        type: 3}
      propertyPath: m_LocalEulerAnglesHint.z
      value: 0
      objectReference: {fileID: 0}
    m_RemovedComponents: []
  m_SourcePrefab: {fileID: 100100000, guid: e76358b1c883cda4f8b22ff2b7da0b29, type: 3}
